Area Code,Date,Market,Market Size,Product,Product Line,Product Type,State,Type,Budget COGS,Budget Margin,Budget Profit,Budget Sales,Cogs,Inventory,Margin,Marketing,Profit,Sales,Total Expenses,Variance to Budget
970,1/11/10 0:00,Central,Major Market,Decaf Irish Cream,Beans,Coffee,Colorado,Decaf,100,140,110,240,95,821,139,26,101,234,38,-3%
309,1/12/10 0:00,Central,Major Market,Decaf Irish Cream,Beans,Coffee,Illinois,Decaf,100,140,100,240,95,608,139,30,87,234,52,-3%
614,1/13/10 0:00,Central,Major Market,Decaf Irish Cream,Beans,Coffee,Ohio,Decaf,60,90,20,150,63,435,87,57,0,150,87,0%
720,1/14/10 0:00,Central,Major Market,Decaf Espresso,Beans,Espresso,Colorado,Decaf,80,130,80,210,72,558,108,23,53,180,55,-14%
630,1/15/10 0:00,Central,Major Market,Decaf Espresso,Beans,Espresso,Illinois,Decaf,260,270,180,530,228,"1,459",228,63,140,456,88,-14%
614,1/16/10 0:00,Central,Major Market,Decaf Espresso,Beans,Espresso,Ohio,Decaf,60,90,40,150,58,338,72,22,16,130,56,-13%
754,1/17/10 0:00,East,Major Market,Decaf Irish Cream,Beans,Coffee,Florida,Decaf,80,110,70,190,84,500,116,26,67,200,49,5%
754,1/18/10 0:00,East,Major Market,Decaf Espresso,Beans,Espresso,Florida,Decaf,70,100,60,170,77,432,103,25,50,180,53,6%
325,1/19/10 0:00,South,Major Market,Decaf Irish Cream,Beans,Coffee,Texas,Decaf,100,130,100,230,83,623,107,27,68,190,39,-17%
956,1/20/10 0:00,South,Major Market,Decaf Espresso,Beans,Espresso,Texas,Decaf,40,70,60,110,54,456,80,15,54,134,26,22%
650,1/21/10 0:00,West,Major Market,Decaf Irish Cream,Beans,Coffee,California,Decaf,180,-40,-120,140,144,862,-26,47,-117,118,91,-16%
213,1/22/10 0:00,West,Major Market,Decaf Espresso,Beans,Espresso,California,Decaf,220,300,200,520,234,"1,310",312,77,203,546,109,5%
719,1/23/10 0:00,Central,Major Market,Amaretto,Beans,Coffee,Colorado,Regular,90,130,100,220,89,777,130,24,94,219,36,0%
740,1/24/10 0:00,Central,Major Market,Amaretto,Beans,Coffee,Ohio,Regular,60,80,50,140,60,336,80,19,34,140,46,0%
970,1/25/10 0:00,Central,Major Market,Colombian,Beans,Coffee,Colorado,Regular,80,110,80,190,83,623,107,27,68,190,39,0%
217,1/26/10 0:00,Central,Major Market,Colombian,Beans,Coffee,Illinois,Regular,150,210,130,360,144,862,201,47,111,345,90,-4%
614,1/27/10 0:00,Central,Major Market,Colombian,Beans,Coffee,Ohio,Regular,60,80,50,140,57,364,83,18,42,140,41,0%
303,1/28/10 0:00,Central,Major Market,Caffe Mocha,Beans,Espresso,Colorado,Regular,60,90,70,150,54,456,80,15,54,134,26,-11%
309,1/29/10 0:00,Central,Major Market,Caffe Mocha,Beans,Espresso,Illinois,Regular,270,370,260,640,234,"1,310",312,77,203,546,109,-15%
614,1/30/10 0:00,Central,Major Market,Caffe Mocha,Beans,Espresso,Ohio,Regular,190,210,140,400,170,"1,091",171,47,99,341,72,-15%
954,1/31/10 0:00,East,Major Market,Colombian,Beans,Coffee,Florida,Regular,80,110,70,190,84,651,126,27,68,210,58,11%
413,2/1/10 0:00,East,Major Market,Colombian,Beans,Coffee,Massachusetts,Regular,60,400,360,460,72,558,422,23,367,494,55,7%
716,2/2/10 0:00,East,Major Market,Colombian,Beans,Coffee,New York,Regular,260,380,260,640,271,"2,101",407,94,262,678,145,6%
239,2/3/10 0:00,East,Major Market,Caffe Mocha,Beans,Espresso,Florida,Regular,70,110,30,180,79,551,111,72,9,190,102,6%
781,2/4/10 0:00,East,Major Market,Caffe Mocha,Beans,Espresso,Massachusetts,Regular,60,60,-10,120,63,435,63,57,-23,126,86,5%
315,2/5/10 0:00,East,Major Market,Caffe Mocha,Beans,Espresso,New York,Regular,100,-50,-170,50,105,725,-44,95,-172,61,128,22%
978,2/6/10 0:00,East,Major Market,Regular Espresso,Beans,Espresso,Massachusetts,Regular,160,170,110,330,170,"1,091",171,47,100,341,71,3%
631,2/7/10 0:00,East,Major Market,Regular Espresso,Beans,Espresso,New York,Regular,210,270,200,480,228,"1,459",262,63,175,490,87,2%
409,2/8/10 0:00,South,Major Market,Colombian,Beans,Coffee,Texas,Regular,260,300,220,560,207,965,245,64,159,452,86,-19%
830,2/9/10 0:00,South,Major Market,Caffe Latte,Beans,Espresso,Texas,Regular,60,90,50,150,72,558,108,23,53,180,55,20%
325,2/10/10 0:00,South,Major Market,Caffe Mocha,Beans,Espresso,Texas,Regular,70,110,90,180,89,777,130,24,95,219,35,22%
916,2/11/10 0:00,West,Major Market,Amaretto,Beans,Coffee,California,Regular,110,70,30,180,95,608,50,30,-2,145,52,-19%
559,2/12/10 0:00,West,Major Market,Colombian,Beans,Coffee,California,Regular,340,500,370,840,271,"2,101",407,94,262,678,145,-19%
661,2/13/10 0:00,West,Major Market,Caffe Latte,Beans,Espresso,California,Regular,210,220,150,430,228,"1,459",228,63,140,456,88,6%
818,2/14/10 0:00,West,Major Market,Caffe Mocha,Beans,Espresso,California,Regular,100,140,20,240,105,725,145,95,17,250,128,4%
970,2/15/10 0:00,Central,Major Market,Chamomile,Leaves,Herbal Tea,Colorado,Decaf,140,160,110,300,170,"1,091",171,47,99,341,72,14%
312,2/16/10 0:00,Central,Major Market,Chamomile,Leaves,Herbal Tea,Illinois,Decaf,70,120,100,190,89,777,130,24,95,219,35,15%
937,2/17/10 0:00,Central,Major Market,Chamomile,Leaves,Herbal Tea,Ohio,Decaf,20,50,50,70,32,456,48,8,29,80,19,14%
719,2/18/10 0:00,Central,Major Market,Lemon,Leaves,Herbal Tea,Colorado,Decaf,50,80,20,130,63,435,87,57,0,150,87,15%
630,2/19/10 0:00,Central,Major Market,Lemon,Leaves,Herbal Tea,Illinois,Decaf,70,90,60,160,83,623,107,27,68,190,39,19%
740,2/20/10 0:00,Central,Major Market,Lemon,Leaves,Herbal Tea,Ohio,Decaf,20,50,50,70,32,821,48,8,29,80,19,14%
970,2/21/10 0:00,Central,Major Market,Mint,Leaves,Herbal Tea,Colorado,Decaf,50,70,40,120,60,336,80,19,33,140,47,17%
773,2/22/10 0:00,Central,Major Market,Mint,Leaves,Herbal Tea,Illinois,Decaf,80,120,100,200,95,821,139,26,101,234,38,17%
863,2/23/10 0:00,East,Major Market,Chamomile,Leaves,Herbal Tea,Florida,Decaf,30,50,30,80,48,623,62,15,34,110,28,38%
239,2/24/10 0:00,East,Major Market,Lemon,Leaves,Herbal Tea,Florida,Decaf,40,50,20,90,54,312,66,20,13,120,53,33%
339,2/25/10 0:00,East,Major Market,Lemon,Leaves,Herbal Tea,Massachusetts,Decaf,40,60,30,100,58,338,72,22,17,130,55,30%
607,2/26/10 0:00,East,Major Market,Lemon,Leaves,Herbal Tea,New York,Decaf,180,190,100,370,245,"1,419",238,93,111,483,127,31%
772,2/27/10 0:00,East,Major Market,Mint,Leaves,Herbal Tea,Florida,Decaf,50,60,40,110,69,965,81,21,39,150,42,36%
845,2/28/10 0:00,East,Major Market,Mint,Leaves,Herbal Tea,New York,Decaf,150,-10,-70,140,207,965,-27,64,-113,180,86,29%
281,3/1/10 0:00,South,Major Market,Chamomile,Leaves,Herbal Tea,Texas,Decaf,50,80,50,130,60,336,80,19,33,140,47,8%
254,3/2/10 0:00,South,Major Market,Lemon,Leaves,Herbal Tea,Texas,Decaf,50,80,50,130,57,364,83,18,42,140,41,8%
510,3/3/10 0:00,West,Major Market,Chamomile,Leaves,Herbal Tea,California,Decaf,80,120,100,200,95,821,139,26,102,234,37,17%
310,3/4/10 0:00,West,Major Market,Lemon,Leaves,Herbal Tea,California,Decaf,170,220,160,390,207,965,245,64,160,452,85,16%
707,3/5/10 0:00,West,Major Market,Mint,Leaves,Herbal Tea,California,Decaf,70,90,60,160,83,623,107,27,67,190,40,19%
719,3/6/10 0:00,Central,Major Market,Darjeeling,Leaves,Tea,Colorado,Regular,40,70,20,110,58,338,72,22,17,130,55,18%
217,3/7/10 0:00,Central,Major Market,Darjeeling,Leaves,Tea,Illinois,Regular,40,70,50,110,54,456,80,15,53,134,27,22%
567,3/8/10 0:00,Central,Major Market,Darjeeling,Leaves,Tea,Ohio,Regular,70,110,60,180,84,651,126,27,68,210,58,17%
303,3/9/10 0:00,Central,Major Market,Earl Grey,Leaves,Tea,Colorado,Regular,50,70,40,120,64,965,76,19,36,140,40,17%
708,3/10/10 0:00,Central,Major Market,Earl Grey,Leaves,Tea,Illinois,Regular,60,90,40,150,72,558,108,23,54,180,54,20%
216,3/11/10 0:00,Central,Major Market,Earl Grey,Leaves,Tea,Ohio,Regular,70,100,60,170,84,500,116,26,67,200,49,18%
303,3/12/10 0:00,Central,Major Market,Green Tea,Leaves,Tea,Colorado,Regular,30,50,30,80,44,623,56,14,30,100,26,25%
954,3/13/10 0:00,East,Major Market,Darjeeling,Leaves,Tea,Florida,Regular,30,50,40,80,32,821,48,8,28,80,20,0%
508,3/14/10 0:00,East,Major Market,Darjeeling,Leaves,Tea,Massachusetts,Regular,30,50,40,80,32,821,48,8,29,80,19,0%
347,3/15/10 0:00,East,Major Market,Darjeeling,Leaves,Tea,New York,Regular,100,150,120,250,95,821,139,26,101,234,38,-6%
646,3/16/10 0:00,East,Major Market,Earl Grey,Leaves,Tea,New York,Regular,90,140,110,230,89,777,130,24,94,219,36,-5%
754,3/17/10 0:00,East,Major Market,Green Tea,Leaves,Tea,Florida,Regular,30,50,40,80,33,777,48,9,28,81,20,1%
781,3/18/10 0:00,East,Major Market,Green Tea,Leaves,Tea,Massachusetts,Regular,30,50,40,80,32,456,48,8,29,80,19,0%
347,3/19/10 0:00,East,Major Market,Green Tea,Leaves,Tea,New York,Regular,50,90,70,140,54,456,80,15,54,134,26,-4%
619,3/20/10 0:00,West,Major Market,Darjeeling,Leaves,Tea,California,Regular,50,90,80,140,89,777,130,24,94,219,36,56%
650,3/21/10 0:00,West,Major Market,Earl Grey,Leaves,Tea,California,Regular,30,60,60,90,54,456,80,15,54,134,26,49%
760,3/22/10 0:00,West,Major Market,Green Tea,Leaves,Tea,California,Regular,40,80,50,120,72,558,108,23,54,180,54,50%
712,3/23/10 0:00,Central,Small Market,Decaf Irish Cream,Beans,Coffee,Iowa,Decaf,20,30,20,50,23,623,31,7,12,54,19,8%
573,3/24/10 0:00,Central,Small Market,Decaf Irish Cream,Beans,Coffee,Missouri,Decaf,80,90,50,170,78,965,92,24,47,170,45,0%
414,3/25/10 0:00,Central,Small Market,Decaf Irish Cream,Beans,Coffee,Wisconsin,Decaf,80,100,60,180,77,432,103,25,51,180,52,0%
563,3/26/10 0:00,Central,Small Market,Decaf Espresso,Beans,Espresso,Iowa,Decaf,10,40,30,50,17,777,26,4,10,43,16,-14%
660,3/27/10 0:00,Central,Small Market,Decaf Espresso,Beans,Espresso,Missouri,Decaf,50,80,60,130,46,777,68,12,45,114,23,-12%
262,3/28/10 0:00,Central,Small Market,Decaf Espresso,Beans,Espresso,Wisconsin,Decaf,50,70,50,120,48,623,62,15,34,110,28,-8%
475,3/29/10 0:00,East,Small Market,Decaf Espresso,Beans,Espresso,Connecticut,Decaf,50,70,40,120,55,312,75,18,30,130,45,8%
985,3/30/10 0:00,South,Small Market,Decaf Irish Cream,Beans,Coffee,Louisiana,Decaf,40,60,50,100,33,777,48,9,28,81,20,-19%
505,3/31/10 0:00,South,Small Market,Decaf Irish Cream,Beans,Coffee,New Mexico,Decaf,110,10,-30,120,88,525,11,27,-39,99,50,-18%
580,4/1/10 0:00,South,Small Market,Decaf Irish Cream,Beans,Coffee,Oklahoma,Decaf,40,60,50,100,32,821,48,8,28,80,20,-20%
337,4/2/10 0:00,South,Small Market,Decaf Espresso,Beans,Espresso,Louisiana,Decaf,50,70,50,120,61,390,89,19,48,150,41,25%
505,4/3/10 0:00,South,Small Market,Decaf Espresso,Beans,Espresso,New Mexico,Decaf,30,40,10,70,35,196,47,11,9,82,38,17%
405,4/4/10 0:00,South,Small Market,Decaf Espresso,Beans,Espresso,Oklahoma,Decaf,70,110,70,180,84,651,126,27,67,210,59,17%
775,4/5/10 0:00,West,Small Market,Decaf Irish Cream,Beans,Coffee,Nevada,Decaf,30,40,20,70,28,965,34,8,4,62,30,-11%
971,4/6/10 0:00,West,Small Market,Decaf Irish Cream,Beans,Coffee,Oregon,Decaf,70,100,70,170,57,364,83,18,42,140,41,-18%
801,4/7/10 0:00,West,Small Market,Decaf Irish Cream,Beans,Coffee,Utah,Decaf,100,130,70,230,85,494,105,32,39,190,66,-17%
509,4/8/10 0:00,West,Small Market,Decaf Irish Cream,Beans,Coffee,Washington,Decaf,90,140,60,230,79,551,111,72,9,190,102,-17%
775,4/9/10 0:00,West,Small Market,Decaf Espresso,Beans,Espresso,Nevada,Decaf,10,30,20,40,17,777,26,4,11,43,15,8%
971,4/10/10 0:00,West,Small Market,Decaf Espresso,Beans,Espresso,Oregon,Decaf,160,160,100,320,170,"1,091",171,47,99,341,72,7%
435,4/11/10 0:00,West,Small Market,Decaf Espresso,Beans,Espresso,Utah,Decaf,40,70,50,110,50,821,73,14,47,123,26,12%
206,4/12/10 0:00,West,Small Market,Decaf Espresso,Beans,Espresso,Washington,Decaf,60,80,60,140,69,965,81,21,39,150,42,7%
319,4/13/10 0:00,Central,Small Market,Amaretto,Beans,Coffee,Iowa,Regular,10,30,20,40,18,821,27,5,11,45,16,13%
262,4/14/10 0:00,Central,Small Market,Amaretto,Beans,Coffee,Wisconsin,Regular,50,70,30,120,54,312,66,20,13,120,53,0%
641,4/15/10 0:00,Central,Small Market,Colombian,Beans,Coffee,Iowa,Regular,20,40,20,60,28,965,34,8,5,62,29,3%
636,4/16/10 0:00,Central,Small Market,Colombian,Beans,Coffee,Missouri,Regular,90,100,40,190,85,494,105,32,39,190,66,0%
262,4/17/10 0:00,Central,Small Market,Colombian,Beans,Coffee,Wisconsin,Regular,80,110,20,190,79,551,111,72,9,190,102,0%
563,4/18/10 0:00,Central,Small Market,Caffe Mocha,Beans,Espresso,Iowa,Regular,10,40,30,50,17,777,26,4,11,43,15,-14%
573,4/19/10 0:00,Central,Small Market,Caffe Mocha,Beans,Espresso,Missouri,Regular,50,90,70,140,50,821,73,14,48,123,25,-12%
414,4/20/10 0:00,Central,Small Market,Caffe Mocha,Beans,Espresso,Wisconsin,Regular,80,90,50,170,69,965,81,21,38,150,43,-12%
603,4/21/10 0:00,East,Small Market,Amaretto,Beans,Coffee,New Hampshire,Regular,30,50,30,80,38,241,55,12,20,93,35,16%
475,4/22/10 0:00,East,Small Market,Colombian,Beans,Coffee,Connecticut,Regular,110,180,130,290,124,961,186,40,115,310,71,7%
603,4/23/10 0:00,East,Small Market,Colombian,Beans,Coffee,New Hampshire,Regular,40,70,40,110,48,372,72,15,25,120,47,9%
860,4/24/10 0:00,East,Small Market,Caffe Mocha,Beans,Espresso,Connecticut,Regular,70,100,20,170,75,522,105,68,7,180,98,6%
603,4/25/10 0:00,East,Small Market,Caffe Mocha,Beans,Espresso,New Hampshire,Regular,30,50,0,80,37,261,53,34,-10,90,63,13%
603,4/26/10 0:00,East,Small Market,Regular Espresso,Beans,Espresso,New Hampshire,Regular,20,40,0,60,29,169,36,11,-8,65,44,8%
225,4/27/10 0:00,South,Small Market,Colombian,Beans,Coffee,Louisiana,Regular,40,60,50,100,34,777,51,9,30,85,21,-15%
505,4/28/10 0:00,South,Small Market,Colombian,Beans,Coffee,New Mexico,Regular,60,90,50,150,48,372,72,15,26,120,46,-20%
580,4/29/10 0:00,South,Small Market,Colombian,Beans,Coffee,Oklahoma,Regular,50,70,50,120,44,623,56,14,29,100,27,-17%
504,4/30/10 0:00,South,Small Market,Caffe Latte,Beans,Espresso,Louisiana,Regular,60,90,10,150,75,522,105,68,8,180,97,20%
505,5/1/10 0:00,South,Small Market,Caffe Latte,Beans,Espresso,New Mexico,Regular,20,30,0,50,29,169,36,11,-8,65,44,30%
405,5/2/10 0:00,South,Small Market,Caffe Latte,Beans,Espresso,Oklahoma,Regular,70,100,70,170,84,500,116,26,66,200,50,18%
337,5/3/10 0:00,South,Small Market,Caffe Mocha,Beans,Espresso,Louisiana,Regular,50,100,80,150,67,400,113,20,70,180,43,20%
505,5/4/10 0:00,South,Small Market,Caffe Mocha,Beans,Espresso,New Mexico,Regular,30,40,-10,70,37,261,53,34,-10,90,63,29%
405,5/5/10 0:00,South,Small Market,Caffe Mocha,Beans,Espresso,Oklahoma,Regular,20,40,40,60,32,456,48,8,28,80,20,33%
541,5/6/10 0:00,West,Small Market,Amaretto,Beans,Coffee,Oregon,Regular,70,110,40,180,63,435,87,57,1,150,86,-17%
801,5/7/10 0:00,West,Small Market,Amaretto,Beans,Coffee,Utah,Regular,90,120,80,210,78,965,92,24,47,170,45,-19%
702,5/8/10 0:00,West,Small Market,Colombian,Beans,Coffee,Nevada,Regular,40,50,10,90,34,197,42,12,-3,76,45,-16%
503,5/9/10 0:00,West,Small Market,Colombian,Beans,Coffee,Oregon,Regular,80,120,60,200,67,400,93,22,28,160,65,-20%
435,5/10/10 0:00,West,Small Market,Colombian,Beans,Coffee,Utah,Regular,60,100,70,160,55,312,75,18,30,130,45,-19%
206,5/11/10 0:00,West,Small Market,Colombian,Beans,Coffee,Washington,Regular,60,100,70,160,53,338,77,16,38,130,39,-19%
775,5/12/10 0:00,West,Small Market,Caffe Latte,Beans,Espresso,Nevada,Regular,10,30,20,40,17,777,26,4,11,43,15,8%
503,5/13/10 0:00,West,Small Market,Caffe Latte,Beans,Espresso,Oregon,Regular,50,70,20,120,58,338,72,22,16,130,56,8%
435,5/14/10 0:00,West,Small Market,Caffe Latte,Beans,Espresso,Utah,Regular,40,60,40,100,46,777,68,12,44,114,24,14%
425,5/15/10 0:00,West,Small Market,Caffe Latte,Beans,Espresso,Washington,Regular,40,60,40,100,48,623,62,15,35,110,27,10%
702,5/16/10 0:00,West,Small Market,Caffe Mocha,Beans,Espresso,Nevada,Regular,10,30,20,40,18,821,27,5,10,45,17,13%
503,5/17/10 0:00,West,Small Market,Caffe Mocha,Beans,Espresso,Oregon,Regular,50,80,50,130,60,336,80,19,33,140,47,8%
435,5/18/10 0:00,West,Small Market,Caffe Mocha,Beans,Espresso,Utah,Regular,40,60,40,100,49,623,63,16,34,112,29,12%
253,5/19/10 0:00,West,Small Market,Caffe Mocha,Beans,Espresso,Washington,Regular,50,60,20,110,54,312,66,20,13,120,53,9%
641,5/20/10 0:00,Central,Small Market,Chamomile,Leaves,Herbal Tea,Iowa,Decaf,200,280,200,480,234,"1,310",312,77,202,546,110,14%
573,5/21/10 0:00,Central,Small Market,Chamomile,Leaves,Herbal Tea,Missouri,Decaf,30,40,0,70,37,261,53,34,-11,90,64,29%
715,5/22/10 0:00,Central,Small Market,Chamomile,Leaves,Herbal Tea,Wisconsin,Decaf,50,100,80,150,67,400,113,20,70,180,43,20%
563,5/23/10 0:00,Central,Small Market,Lemon,Leaves,Herbal Tea,Iowa,Decaf,80,120,90,200,95,608,139,30,86,234,53,17%
314,5/24/10 0:00,Central,Small Market,Lemon,Leaves,Herbal Tea,Missouri,Decaf,70,10,-20,80,88,525,11,27,-39,99,50,24%
715,5/25/10 0:00,Central,Small Market,Lemon,Leaves,Herbal Tea,Wisconsin,Decaf,20,50,50,70,33,777,48,9,28,81,20,16%
860,5/26/10 0:00,East,Small Market,Lemon,Leaves,Herbal Tea,Connecticut,Decaf,60,80,40,140,85,494,105,32,40,190,65,36%
603,5/27/10 0:00,East,Small Market,Lemon,Leaves,Herbal Tea,New Hampshire,Decaf,20,30,0,50,34,197,42,12,-4,76,46,52%
475,5/28/10 0:00,East,Small Market,Mint,Leaves,Herbal Tea,Connecticut,Decaf,50,80,50,130,78,965,92,24,47,170,45,31%
337,5/29/10 0:00,South,Small Market,Chamomile,Leaves,Herbal Tea,Louisiana,Decaf,40,60,40,100,49,623,63,16,35,112,28,12%
505,5/30/10 0:00,South,Small Market,Chamomile,Leaves,Herbal Tea,New Mexico,Decaf,10,30,20,40,18,821,27,5,11,45,16,13%
918,5/31/10 0:00,South,Small Market,Chamomile,Leaves,Herbal Tea,Oklahoma,Decaf,50,60,20,110,54,312,66,20,13,120,53,9%
504,6/1/10 0:00,South,Small Market,Lemon,Leaves,Herbal Tea,Louisiana,Decaf,80,100,40,180,85,494,105,32,40,190,65,6%
505,6/2/10 0:00,South,Small Market,Lemon,Leaves,Herbal Tea,New Mexico,Decaf,20,40,20,60,28,965,34,8,4,62,30,3%
580,6/3/10 0:00,South,Small Market,Lemon,Leaves,Herbal Tea,Oklahoma,Decaf,70,110,30,180,79,551,111,72,10,190,101,6%
702,6/4/10 0:00,West,Small Market,Chamomile,Leaves,Herbal Tea,Nevada,Decaf,90,130,30,220,105,725,145,95,16,250,129,14%
971,6/5/10 0:00,West,Small Market,Chamomile,Leaves,Herbal Tea,Oregon,Decaf,30,40,40,70,36,777,54,10,33,90,21,29%
801,6/6/10 0:00,West,Small Market,Chamomile,Leaves,Herbal Tea,Utah,Decaf,30,50,30,80,38,241,55,12,21,93,34,16%
206,6/7/10 0:00,West,Small Market,Chamomile,Leaves,Herbal Tea,Washington,Decaf,100,170,120,270,124,961,186,40,115,310,71,15%
775,6/8/10 0:00,West,Small Market,Lemon,Leaves,Herbal Tea,Nevada,Decaf,120,180,120,300,144,862,201,47,111,345,90,15%
503,6/9/10 0:00,West,Small Market,Lemon,Leaves,Herbal Tea,Oregon,Decaf,30,50,30,80,44,623,56,14,29,100,27,25%
435,6/10/10 0:00,West,Small Market,Lemon,Leaves,Herbal Tea,Utah,Decaf,40,60,30,100,48,372,72,15,25,120,47,20%
360,6/11/10 0:00,West,Small Market,Lemon,Leaves,Herbal Tea,Washington,Decaf,20,50,50,70,34,777,51,9,30,85,21,21%
702,6/12/10 0:00,West,Small Market,Mint,Leaves,Herbal Tea,Nevada,Decaf,80,120,90,200,95,608,139,30,86,234,53,17%
435,6/13/10 0:00,West,Small Market,Mint,Leaves,Herbal Tea,Utah,Decaf,70,10,-30,80,88,525,11,27,-40,99,51,24%
712,6/14/10 0:00,Central,Small Market,Darjeeling,Leaves,Tea,Iowa,Regular,190,210,140,400,228,"1,459",228,63,141,456,87,14%
314,6/15/10 0:00,Central,Small Market,Darjeeling,Leaves,Tea,Missouri,Regular,30,40,10,70,35,196,47,11,9,82,38,17%
608,6/16/10 0:00,Central,Small Market,Darjeeling,Leaves,Tea,Wisconsin,Regular,50,80,50,130,61,390,89,19,47,150,42,15%
319,6/17/10 0:00,Central,Small Market,Earl Grey,Leaves,Tea,Iowa,Regular,210,270,160,480,245,"1,419",301,93,175,546,126,14%
573,6/18/10 0:00,Central,Small Market,Earl Grey,Leaves,Tea,Missouri,Regular,20,30,-10,50,29,169,36,11,-9,65,45,30%
262,6/19/10 0:00,Central,Small Market,Earl Grey,Leaves,Tea,Wisconsin,Regular,60,90,10,150,75,522,105,68,7,180,98,20%
417,6/20/10 0:00,Central,Small Market,Green Tea,Leaves,Tea,Missouri,Regular,20,40,0,60,34,197,42,12,-4,76,46,27%
475,6/21/10 0:00,East,Small Market,Darjeeling,Leaves,Tea,Connecticut,Regular,50,80,60,130,50,821,73,14,47,123,26,-5%
603,6/22/10 0:00,East,Small Market,Darjeeling,Leaves,Tea,New Hampshire,Regular,10,30,20,40,18,821,27,5,10,45,17,13%
475,6/23/10 0:00,East,Small Market,Green Tea,Leaves,Tea,Connecticut,Regular,40,60,40,100,38,777,56,10,35,94,21,-6%
603,6/24/10 0:00,East,Small Market,Green Tea,Leaves,Tea,New Hampshire,Regular,10,30,20,40,17,777,26,4,11,43,15,8%
775,6/25/10 0:00,West,Small Market,Darjeeling,Leaves,Tea,Nevada,Regular,150,220,150,370,234,"1,310",312,77,203,546,109,48%
971,6/26/10 0:00,West,Small Market,Darjeeling,Leaves,Tea,Oregon,Regular,20,30,30,50,32,456,48,8,28,80,20,60%
435,6/27/10 0:00,West,Small Market,Darjeeling,Leaves,Tea,Utah,Regular,20,40,0,60,37,261,53,34,-10,90,63,50%
360,6/28/10 0:00,West,Small Market,Darjeeling,Leaves,Tea,Washington,Regular,40,80,50,120,67,400,113,20,70,180,43,50%
775,6/29/10 0:00,West,Small Market,Earl Grey,Leaves,Tea,Nevada,Regular,150,160,100,310,228,"1,459",228,63,141,456,87,47%
503,6/30/10 0:00,West,Small Market,Earl Grey,Leaves,Tea,Oregon,Regular,50,90,60,140,84,651,126,27,68,210,58,50%
435,7/1/10 0:00,West,Small Market,Earl Grey,Leaves,Tea,Utah,Regular,20,30,10,50,35,196,47,11,9,82,38,64%
253,7/2/10 0:00,West,Small Market,Earl Grey,Leaves,Tea,Washington,Regular,40,60,40,100,61,390,89,19,48,150,41,50%
702,7/3/10 0:00,West,Small Market,Green Tea,Leaves,Tea,Nevada,Regular,160,-160,-240,0,245,"1,419",-245,93,-354,17,126,
541,7/4/10 0:00,West,Small Market,Green Tea,Leaves,Tea,Oregon,Regular,50,80,50,130,84,500,116,26,67,200,49,54%
435,7/5/10 0:00,West,Small Market,Green Tea,Leaves,Tea,Utah,Regular,10,30,10,40,29,169,36,11,-9,65,45,63%
360,7/6/10 0:00,West,Small Market,Green Tea,Leaves,Tea,Washington,Regular,40,80,20,120,75,522,105,68,8,180,97,50%
719,7/7/10 0:00,Central,Major Market,Decaf Irish Cream,Beans,Coffee,Colorado,Decaf,100,140,110,240,95,809,137,26,99,232,38,-3%
847,7/8/10 0:00,Central,Major Market,Decaf Irish Cream,Beans,Coffee,Illinois,Decaf,110,150,100,260,104,596,150,33,95,254,55,-2%
614,7/9/10 0:00,Central,Major Market,Decaf Irish Cream,Beans,Coffee,Ohio,Decaf,50,80,20,130,54,427,75,49,-3,129,78,-1%
303,7/10/10 0:00,Central,Major Market,Decaf Espresso,Beans,Espresso,Colorado,Decaf,80,140,90,220,75,549,114,24,59,189,55,-14%
312,7/11/10 0:00,Central,Major Market,Decaf Espresso,Beans,Espresso,Illinois,Decaf,260,270,180,530,228,"1,436",229,63,142,457,87,-14%
614,7/12/10 0:00,Central,Major Market,Decaf Espresso,Beans,Espresso,Ohio,Decaf,60,90,40,150,59,331,73,22,18,132,55,-12%
305,7/13/10 0:00,East,Major Market,Decaf Irish Cream,Beans,Coffee,Florida,Decaf,80,110,70,190,86,490,120,26,71,206,49,8%
407,7/14/10 0:00,East,Major Market,Decaf Espresso,Beans,Espresso,Florida,Decaf,70,100,60,170,77,423,103,25,51,180,52,6%
432,7/15/10 0:00,South,Major Market,Decaf Irish Cream,Beans,Coffee,Texas,Decaf,100,130,100,230,83,613,107,27,68,190,39,-17%
956,7/16/10 0:00,South,Major Market,Decaf Espresso,Beans,Espresso,Texas,Decaf,60,100,90,160,77,449,112,21,80,189,32,18%
818,7/17/10 0:00,West,Major Market,Decaf Irish Cream,Beans,Coffee,California,Decaf,180,-30,-110,150,148,"1,071",-26,48,-117,122,91,-19%
951,7/18/10 0:00,West,Major Market,Decaf Espresso,Beans,Espresso,California,Decaf,220,300,200,520,234,"1,282",311,77,202,545,109,5%
303,7/19/10 0:00,Central,Major Market,Amaretto,Beans,Coffee,Colorado,Regular,100,150,120,250,99,766,144,27,105,243,39,-3%
937,7/20/10 0:00,Central,Major Market,Amaretto,Beans,Coffee,Ohio,Regular,60,80,50,140,60,329,80,19,33,140,47,0%
720,7/21/10 0:00,Central,Major Market,Colombian,Beans,Coffee,Colorado,Regular,80,110,80,190,83,613,107,27,68,190,39,0%
312,7/22/10 0:00,Central,Major Market,Colombian,Beans,Coffee,Illinois,Regular,150,220,140,370,148,844,206,48,115,354,91,-4%
513,7/23/10 0:00,Central,Major Market,Colombian,Beans,Coffee,Ohio,Regular,50,80,50,130,52,357,76,16,38,128,38,-2%
970,7/24/10 0:00,Central,Major Market,Caffe Mocha,Beans,Espresso,Colorado,Regular,80,140,110,220,77,449,112,21,80,189,32,-14%
708,7/25/10 0:00,Central,Major Market,Caffe Mocha,Beans,Espresso,Illinois,Regular,270,370,260,640,234,"1,282",311,77,201,545,110,-15%
234,7/26/10 0:00,Central,Major Market,Caffe Mocha,Beans,Espresso,Ohio,Regular,190,210,140,400,170,"1,073",170,47,98,340,72,-15%
754,7/27/10 0:00,East,Major Market,Colombian,Beans,Coffee,Florida,Regular,70,120,80,190,80,640,120,26,63,200,57,5%
774,7/28/10 0:00,East,Major Market,Colombian,Beans,Coffee,Massachusetts,Regular,70,370,330,440,75,235,395,24,340,470,55,7%
917,7/29/10 0:00,East,Major Market,Colombian,Beans,Coffee,New York,Regular,240,370,250,610,258,"2,067",387,90,245,645,142,6%
305,7/30/10 0:00,East,Major Market,Caffe Mocha,Beans,Espresso,Florida,Regular,80,130,40,210,92,541,128,83,16,220,112,5%
508,7/31/10 0:00,East,Major Market,Caffe Mocha,Beans,Espresso,Massachusetts,Regular,50,70,10,120,54,451,74,49,-4,128,78,7%
585,8/1/10 0:00,East,Major Market,Caffe Mocha,Beans,Espresso,New York,Regular,110,-60,-190,50,121,901,-60,110,-203,61,143,22%
508,8/2/10 0:00,East,Major Market,Regular Espresso,Beans,Espresso,Massachusetts,Regular,160,170,110,330,170,"1,073",170,47,99,340,71,3%
585,8/3/10 0:00,East,Major Market,Regular Espresso,Beans,Espresso,New York,Regular,210,350,280,560,228,"1,402",352,63,264,580,88,4%
972,8/4/10 0:00,South,Major Market,Colombian,Beans,Coffee,Texas,Regular,260,320,240,580,213,942,252,66,164,465,88,-20%
512,8/5/10 0:00,South,Major Market,Caffe Latte,Beans,Espresso,Texas,Regular,60,100,60,160,75,378,114,24,58,189,56,18%
903,8/6/10 0:00,South,Major Market,Caffe Mocha,Beans,Espresso,Texas,Regular,80,120,100,200,99,766,144,27,106,243,38,22%
909,8/7/10 0:00,West,Major Market,Amaretto,Beans,Coffee,California,Regular,130,30,-20,160,104,685,28,33,-27,132,55,-18%
415,8/8/10 0:00,West,Major Market,Colombian,Beans,Coffee,California,Regular,320,480,360,800,258,"2,067",387,90,245,645,142,-19%
831,8/9/10 0:00,West,Major Market,Caffe Latte,Beans,Espresso,California,Regular,210,220,150,430,228,"1,436",229,63,142,457,87,6%
916,8/10/10 0:00,West,Major Market,Caffe Mocha,Beans,Espresso,California,Regular,110,160,30,270,121,712,169,110,26,290,143,7%
970,8/11/10 0:00,Central,Major Market,Chamomile,Leaves,Herbal Tea,Colorado,Decaf,140,150,100,290,170,"1,073",170,47,99,340,71,17%
815,8/12/10 0:00,Central,Major Market,Chamomile,Leaves,Herbal Tea,Illinois,Decaf,80,130,110,210,99,766,144,27,105,243,39,16%
330,8/13/10 0:00,Central,Major Market,Chamomile,Leaves,Herbal Tea,Ohio,Decaf,10,30,30,40,22,452,34,6,17,56,17,40%
970,8/14/10 0:00,Central,Major Market,Lemon,Leaves,Herbal Tea,Colorado,Decaf,40,70,10,110,54,427,75,49,-3,129,78,17%
773,8/15/10 0:00,Central,Major Market,Lemon,Leaves,Herbal Tea,Illinois,Decaf,70,90,60,160,83,613,107,27,68,190,39,19%
740,8/16/10 0:00,Central,Major Market,Lemon,Leaves,Herbal Tea,Ohio,Decaf,20,50,50,70,32,817,48,8,28,80,20,14%
303,8/17/10 0:00,Central,Major Market,Mint,Leaves,Herbal Tea,Colorado,Decaf,50,70,40,120,60,329,80,19,33,140,47,17%
847,8/18/10 0:00,Central,Major Market,Mint,Leaves,Herbal Tea,Illinois,Decaf,80,120,100,200,95,809,137,26,99,232,38,16%
754,8/19/10 0:00,East,Major Market,Chamomile,Leaves,Herbal Tea,Florida,Decaf,30,50,30,80,48,617,62,15,34,110,28,38%
727,8/20/10 0:00,East,Major Market,Lemon,Leaves,Herbal Tea,Florida,Decaf,40,50,20,90,53,306,65,20,12,118,53,31%
781,8/21/10 0:00,East,Major Market,Lemon,Leaves,Herbal Tea,Massachusetts,Decaf,40,60,30,100,59,331,73,22,18,132,55,32%
518,8/22/10 0:00,East,Major Market,Lemon,Leaves,Herbal Tea,New York,Decaf,180,200,110,380,240,"1,454",255,91,131,495,124,30%
850,8/23/10 0:00,East,Major Market,Mint,Leaves,Herbal Tea,Florida,Decaf,50,70,50,120,70,957,84,21,42,154,42,28%
607,8/24/10 0:00,East,Major Market,Mint,Leaves,Herbal Tea,New York,Decaf,160,-20,-80,140,213,"1,214",-33,66,-120,180,87,29%
214,8/25/10 0:00,South,Major Market,Chamomile,Leaves,Herbal Tea,Texas,Decaf,50,80,50,130,60,329,80,19,33,140,47,8%
432,8/26/10 0:00,South,Major Market,Lemon,Leaves,Herbal Tea,Texas,Decaf,40,80,50,120,52,357,76,16,38,128,38,7%
949,8/27/10 0:00,West,Major Market,Chamomile,Leaves,Herbal Tea,California,Decaf,80,120,100,200,95,809,137,26,100,232,37,16%
714,8/28/10 0:00,West,Major Market,Lemon,Leaves,Herbal Tea,California,Decaf,180,220,160,400,213,942,252,66,164,465,88,16%
530,8/29/10 0:00,West,Major Market,Mint,Leaves,Herbal Tea,California,Decaf,70,90,60,160,83,613,107,27,68,190,39,19%
719,8/30/10 0:00,Central,Major Market,Darjeeling,Leaves,Tea,Colorado,Regular,50,60,10,110,59,331,73,22,18,132,55,20%
309,8/31/10 0:00,Central,Major Market,Darjeeling,Leaves,Tea,Illinois,Regular,60,100,80,160,77,449,112,21,79,189,33,18%
614,9/1/10 0:00,Central,Major Market,Darjeeling,Leaves,Tea,Ohio,Regular,60,110,60,170,80,640,120,26,62,200,58,18%
720,9/2/10 0:00,Central,Major Market,Earl Grey,Leaves,Tea,Colorado,Regular,50,60,30,110,62,958,74,19,34,136,40,24%
630,9/3/10 0:00,Central,Major Market,Earl Grey,Leaves,Tea,Illinois,Regular,60,100,50,160,75,549,114,24,59,189,55,18%
513,9/4/10 0:00,Central,Major Market,Earl Grey,Leaves,Tea,Ohio,Regular,70,110,70,180,86,490,120,26,71,206,49,14%
970,9/5/10 0:00,Central,Major Market,Green Tea,Leaves,Tea,Colorado,Regular,30,50,30,80,44,618,56,14,30,100,26,25%
786,9/6/10 0:00,East,Major Market,Darjeeling,Leaves,Tea,Florida,Regular,30,50,40,80,32,817,48,8,28,80,20,0%
978,9/7/10 0:00,East,Major Market,Darjeeling,Leaves,Tea,Massachusetts,Regular,30,50,40,80,32,817,48,8,28,80,20,0%
631,9/8/10 0:00,East,Major Market,Darjeeling,Leaves,Tea,New York,Regular,100,150,120,250,95,809,137,26,100,232,37,-7%
518,9/9/10 0:00,East,Major Market,Earl Grey,Leaves,Tea,New York,Regular,100,160,130,260,99,766,144,27,105,243,39,-7%
727,9/10/10 0:00,East,Major Market,Green Tea,Leaves,Tea,Florida,Regular,40,80,60,120,47,772,68,13,44,115,24,-4%
978,9/11/10 0:00,East,Major Market,Green Tea,Leaves,Tea,Massachusetts,Regular,20,40,30,60,22,452,34,6,17,56,17,-7%
845,9/12/10 0:00,East,Major Market,Green Tea,Leaves,Tea,New York,Regular,80,120,90,200,77,449,112,21,79,189,33,-6%
626,9/13/10 0:00,West,Major Market,Darjeeling,Leaves,Tea,California,Regular,60,100,90,160,99,766,144,27,106,243,38,52%
858,9/14/10 0:00,West,Major Market,Earl Grey,Leaves,Tea,California,Regular,50,70,60,120,77,449,112,21,80,189,32,58%
858,9/15/10 0:00,West,Major Market,Green Tea,Leaves,Tea,California,Regular,40,80,50,120,75,549,114,24,58,189,56,58%
712,9/16/10 0:00,Central,Small Market,Decaf Irish Cream,Beans,Coffee,Iowa,Decaf,20,30,20,50,23,620,31,7,12,54,19,8%
816,9/17/10 0:00,Central,Small Market,Decaf Irish Cream,Beans,Coffee,Missouri,Decaf,70,100,60,170,75,956,90,23,46,165,44,-3%
414,9/18/10 0:00,Central,Small Market,Decaf Irish Cream,Beans,Coffee,Wisconsin,Decaf,80,100,60,180,77,423,103,25,50,180,53,0%
712,9/19/10 0:00,Central,Small Market,Decaf Espresso,Beans,Espresso,Iowa,Decaf,0,50,40,50,0,774,43,0,32,43,11,-14%
573,9/20/10 0:00,Central,Small Market,Decaf Espresso,Beans,Espresso,Missouri,Decaf,40,80,60,120,42,771,61,11,38,103,23,-14%
715,9/21/10 0:00,Central,Small Market,Decaf Espresso,Beans,Espresso,Wisconsin,Decaf,50,70,50,120,48,617,62,15,35,110,27,-8%
203,9/22/10 0:00,East,Small Market,Decaf Espresso,Beans,Espresso,Connecticut,Decaf,50,70,40,120,55,305,75,18,29,130,46,8%
504,9/23/10 0:00,South,Small Market,Decaf Irish Cream,Beans,Coffee,Louisiana,Decaf,50,90,70,140,47,772,68,13,44,115,24,-18%
505,9/24/10 0:00,South,Small Market,Decaf Irish Cream,Beans,Coffee,New Mexico,Decaf,100,20,-20,120,84,625,18,26,-31,102,49,-15%
405,9/25/10 0:00,South,Small Market,Decaf Irish Cream,Beans,Coffee,Oklahoma,Decaf,40,60,50,100,32,817,48,8,29,80,19,-20%
985,9/26/10 0:00,South,Small Market,Decaf Espresso,Beans,Espresso,Louisiana,Decaf,40,70,50,110,56,382,81,17,41,137,40,25%
505,9/27/10 0:00,South,Small Market,Decaf Espresso,Beans,Espresso,New Mexico,Decaf,30,40,10,70,35,191,47,11,8,82,39,17%
405,9/28/10 0:00,South,Small Market,Decaf Espresso,Beans,Espresso,Oklahoma,Decaf,60,110,70,170,80,640,120,26,63,200,57,18%
702,9/29/10 0:00,West,Small Market,Decaf Irish Cream,Beans,Coffee,Nevada,Decaf,30,40,20,70,28,961,35,8,6,63,29,-10%
971,9/30/10 0:00,West,Small Market,Decaf Irish Cream,Beans,Coffee,Oregon,Decaf,60,100,70,160,52,357,76,16,38,128,38,-20%
435,10/1/10 0:00,West,Small Market,Decaf Irish Cream,Beans,Coffee,Utah,Decaf,100,140,80,240,86,484,107,32,41,193,66,-20%
206,10/2/10 0:00,West,Small Market,Decaf Irish Cream,Beans,Coffee,Washington,Decaf,110,160,60,270,92,541,128,83,15,220,113,-19%
775,10/3/10 0:00,West,Small Market,Decaf Espresso,Beans,Espresso,Nevada,Decaf,10,30,20,40,19,774,28,5,11,47,17,18%
971,10/4/10 0:00,West,Small Market,Decaf Espresso,Beans,Espresso,Oregon,Decaf,160,160,100,320,170,"1,073",170,47,99,340,71,6%
435,10/5/10 0:00,West,Small Market,Decaf Espresso,Beans,Espresso,Utah,Decaf,40,70,50,110,50,814,73,14,48,123,25,12%
509,10/6/10 0:00,West,Small Market,Decaf Espresso,Beans,Espresso,Washington,Decaf,60,80,60,140,70,957,84,21,41,154,43,10%
712,10/7/10 0:00,Central,Small Market,Amaretto,Beans,Coffee,Iowa,Regular,10,30,20,40,18,818,27,5,10,45,17,13%
262,10/8/10 0:00,Central,Small Market,Amaretto,Beans,Coffee,Wisconsin,Regular,50,70,30,120,53,306,65,20,12,118,53,-2%
319,10/9/10 0:00,Central,Small Market,Colombian,Beans,Coffee,Iowa,Regular,20,40,20,60,28,961,35,8,6,63,29,5%
314,10/10/10 0:00,Central,Small Market,Colombian,Beans,Coffee,Missouri,Regular,90,110,50,200,86,484,107,32,42,193,65,-4%
920,10/11/10 0:00,Central,Small Market,Colombian,Beans,Coffee,Wisconsin,Regular,90,140,40,230,92,541,128,83,15,220,113,-4%
319,10/12/10 0:00,Central,Small Market,Caffe Mocha,Beans,Espresso,Iowa,Regular,20,30,20,50,19,774,28,5,11,47,17,-6%
573,10/13/10 0:00,Central,Small Market,Caffe Mocha,Beans,Espresso,Missouri,Regular,50,90,70,140,50,814,73,14,48,123,25,-12%
414,10/14/10 0:00,Central,Small Market,Caffe Mocha,Beans,Espresso,Wisconsin,Regular,80,100,60,180,70,957,84,21,42,154,42,-14%
603,10/15/10 0:00,East,Small Market,Amaretto,Beans,Coffee,New Hampshire,Regular,30,60,40,90,41,236,60,13,25,101,35,12%
959,10/16/10 0:00,East,Small Market,Colombian,Beans,Coffee,Connecticut,Regular,120,180,130,300,130,945,195,42,121,325,74,8%
603,10/17/10 0:00,East,Small Market,Colombian,Beans,Coffee,New Hampshire,Regular,40,60,30,100,45,366,69,14,23,114,46,14%
860,10/18/10 0:00,East,Small Market,Caffe Mocha,Beans,Espresso,Connecticut,Regular,60,90,20,150,65,513,90,58,3,155,87,3%
603,10/19/10 0:00,East,Small Market,Caffe Mocha,Beans,Espresso,New Hampshire,Regular,40,60,10,100,43,256,61,39,-7,104,68,4%
603,10/20/10 0:00,East,Small Market,Regular Espresso,Beans,Espresso,New Hampshire,Regular,20,40,0,60,30,165,38,11,-6,68,44,13%
337,10/21/10 0:00,South,Small Market,Colombian,Beans,Coffee,Louisiana,Regular,40,70,60,110,38,772,56,10,34,94,22,-15%
505,10/22/10 0:00,South,Small Market,Colombian,Beans,Coffee,New Mexico,Regular,50,90,50,140,45,366,69,14,24,114,45,-19%
918,10/23/10 0:00,South,Small Market,Colombian,Beans,Coffee,Oklahoma,Regular,50,70,50,120,44,618,56,14,29,100,27,-17%
318,10/24/10 0:00,South,Small Market,Caffe Latte,Beans,Espresso,Louisiana,Regular,50,80,10,130,65,342,90,58,2,155,88,19%
505,10/25/10 0:00,South,Small Market,Caffe Latte,Beans,Espresso,New Mexico,Regular,20,30,0,50,30,104,38,11,-7,68,45,36%
405,10/26/10 0:00,South,Small Market,Caffe Latte,Beans,Espresso,Oklahoma,Regular,70,100,70,170,86,300,120,26,70,206,50,21%
504,10/27/10 0:00,South,Small Market,Caffe Mocha,Beans,Espresso,Louisiana,Regular,50,90,70,140,65,372,109,20,65,174,44,24%
505,10/28/10 0:00,South,Small Market,Caffe Mocha,Beans,Espresso,New Mexico,Regular,30,50,0,80,43,256,61,39,-7,104,68,30%
918,10/29/10 0:00,South,Small Market,Caffe Mocha,Beans,Espresso,Oklahoma,Regular,10,30,30,40,22,452,34,6,17,56,17,40%
971,10/30/10 0:00,West,Small Market,Amaretto,Beans,Coffee,Oregon,Regular,60,100,40,160,54,427,75,49,-4,129,79,-19%
435,10/31/10 0:00,West,Small Market,Amaretto,Beans,Coffee,Utah,Regular,90,110,70,200,75,956,90,23,46,165,44,-18%
775,11/1/10 0:00,West,Small Market,Colombian,Beans,Coffee,Nevada,Regular,40,50,10,90,33,193,41,12,-5,74,46,-18%
503,11/2/10 0:00,West,Small Market,Colombian,Beans,Coffee,Oregon,Regular,80,110,50,190,65,392,90,21,25,155,65,-18%
435,11/3/10 0:00,West,Small Market,Colombian,Beans,Coffee,Utah,Regular,60,100,70,160,55,305,75,18,30,130,45,-19%
509,11/4/10 0:00,West,Small Market,Colombian,Beans,Coffee,Washington,Regular,70,100,70,170,58,331,84,18,44,142,40,-16%
702,11/5/10 0:00,West,Small Market,Caffe Latte,Beans,Espresso,Nevada,Regular,0,40,30,40,0,774,43,0,31,43,12,8%
503,11/6/10 0:00,West,Small Market,Caffe Latte,Beans,Espresso,Oregon,Regular,50,70,20,120,59,331,73,22,18,132,55,10%
435,11/7/10 0:00,West,Small Market,Caffe Latte,Beans,Espresso,Utah,Regular,40,50,30,90,42,771,61,11,38,103,23,14%
360,11/8/10 0:00,West,Small Market,Caffe Latte,Beans,Espresso,Washington,Regular,40,60,40,100,48,617,62,15,35,110,27,10%
775,11/9/10 0:00,West,Small Market,Caffe Mocha,Beans,Espresso,Nevada,Regular,10,30,20,40,18,818,27,5,10,45,17,13%
541,11/10/10 0:00,West,Small Market,Caffe Mocha,Beans,Espresso,Oregon,Regular,50,80,50,130,60,329,80,19,33,140,47,8%
801,11/11/10 0:00,West,Small Market,Caffe Mocha,Beans,Espresso,Utah,Regular,40,60,40,100,49,617,63,16,35,112,28,12%
253,11/12/10 0:00,West,Small Market,Caffe Mocha,Beans,Espresso,Washington,Regular,50,60,20,110,53,306,65,20,12,118,53,7%
563,11/13/10 0:00,Central,Small Market,Chamomile,Leaves,Herbal Tea,Iowa,Decaf,200,270,190,470,234,"1,282",311,77,201,545,110,16%
636,11/14/10 0:00,Central,Small Market,Chamomile,Leaves,Herbal Tea,Missouri,Decaf,30,60,10,90,43,256,61,39,-8,104,69,16%
715,11/15/10 0:00,Central,Small Market,Chamomile,Leaves,Herbal Tea,Wisconsin,Decaf,50,100,80,150,65,372,109,20,66,174,43,16%
563,11/16/10 0:00,Central,Small Market,Lemon,Leaves,Herbal Tea,Iowa,Decaf,80,140,110,220,104,596,150,33,95,254,55,15%
417,11/17/10 0:00,Central,Small Market,Lemon,Leaves,Herbal Tea,Missouri,Decaf,70,10,-20,80,84,625,18,26,-32,102,50,28%
262,11/18/10 0:00,Central,Small Market,Lemon,Leaves,Herbal Tea,Wisconsin,Decaf,40,60,50,100,47,772,68,13,43,115,25,15%
475,11/19/10 0:00,East,Small Market,Lemon,Leaves,Herbal Tea,Connecticut,Decaf,60,90,50,150,86,484,107,32,41,193,66,29%
603,11/20/10 0:00,East,Small Market,Lemon,Leaves,Herbal Tea,New Hampshire,Decaf,20,30,0,50,33,193,41,12,-4,74,45,48%
860,11/21/10 0:00,East,Small Market,Mint,Leaves,Herbal Tea,Connecticut,Decaf,50,70,50,120,75,956,90,23,46,165,44,38%
337,11/22/10 0:00,South,Small Market,Chamomile,Leaves,Herbal Tea,Louisiana,Decaf,40,60,40,100,49,617,63,16,35,112,28,12%
505,11/23/10 0:00,South,Small Market,Chamomile,Leaves,Herbal Tea,New Mexico,Decaf,10,30,20,40,18,818,27,5,10,45,17,13%
918,11/24/10 0:00,South,Small Market,Chamomile,Leaves,Herbal Tea,Oklahoma,Decaf,50,60,20,110,53,306,65,20,11,118,54,7%
225,11/25/10 0:00,South,Small Market,Lemon,Leaves,Herbal Tea,Louisiana,Decaf,80,100,40,180,86,484,107,32,42,193,65,7%
505,11/26/10 0:00,South,Small Market,Lemon,Leaves,Herbal Tea,New Mexico,Decaf,20,40,20,60,28,961,35,8,5,63,30,5%
405,11/27/10 0:00,South,Small Market,Lemon,Leaves,Herbal Tea,Oklahoma,Decaf,80,130,40,210,92,541,128,83,15,220,113,5%
775,11/28/10 0:00,West,Small Market,Chamomile,Leaves,Herbal Tea,Nevada,Decaf,100,150,40,250,121,712,169,110,26,290,143,16%
971,11/29/10 0:00,West,Small Market,Chamomile,Leaves,Herbal Tea,Oregon,Decaf,20,50,50,70,33,772,48,9,28,81,20,16%
435,11/30/10 0:00,West,Small Market,Chamomile,Leaves,Herbal Tea,Utah,Decaf,30,50,30,80,41,236,60,13,24,101,36,26%
206,12/1/10 0:00,West,Small Market,Chamomile,Leaves,Herbal Tea,Washington,Decaf,110,170,120,280,130,945,195,42,121,325,74,16%
775,12/2/10 0:00,West,Small Market,Lemon,Leaves,Herbal Tea,Nevada,Decaf,120,190,120,310,148,844,206,48,115,354,91,14%
541,12/3/10 0:00,West,Small Market,Lemon,Leaves,Herbal Tea,Oregon,Decaf,30,50,30,80,44,618,56,14,30,100,26,25%
435,12/4/10 0:00,West,Small Market,Lemon,Leaves,Herbal Tea,Utah,Decaf,30,70,40,100,45,366,69,14,24,114,45,14%
509,12/5/10 0:00,West,Small Market,Lemon,Leaves,Herbal Tea,Washington,Decaf,30,50,50,80,38,772,56,10,34,94,22,18%
702,12/6/10 0:00,West,Small Market,Mint,Leaves,Herbal Tea,Nevada,Decaf,80,140,110,220,104,596,150,33,94,254,56,15%
435,12/7/10 0:00,West,Small Market,Mint,Leaves,Herbal Tea,Utah,Decaf,70,10,-30,80,84,625,18,26,-31,102,49,28%
563,12/8/10 0:00,Central,Small Market,Darjeeling,Leaves,Tea,Iowa,Regular,190,210,140,400,228,"1,436",229,63,141,457,88,14%
816,12/9/10 0:00,Central,Small Market,Darjeeling,Leaves,Tea,Missouri,Regular,30,40,10,70,35,191,47,11,9,82,38,17%
920,12/10/10 0:00,Central,Small Market,Darjeeling,Leaves,Tea,Wisconsin,Regular,40,80,50,120,56,382,81,17,41,137,40,14%
515,12/11/10 0:00,Central,Small Market,Earl Grey,Leaves,Tea,Iowa,Regular,200,260,150,460,240,"1,391",294,91,169,534,125,16%
314,12/12/10 0:00,Central,Small Market,Earl Grey,Leaves,Tea,Missouri,Regular,20,30,-10,50,30,165,38,11,-7,68,45,36%
414,12/13/10 0:00,Central,Small Market,Earl Grey,Leaves,Tea,Wisconsin,Regular,50,80,10,130,65,513,90,58,3,155,87,19%
573,12/14/10 0:00,Central,Small Market,Green Tea,Leaves,Tea,Missouri,Regular,20,40,0,60,33,193,41,12,-4,74,45,23%
475,12/15/10 0:00,East,Small Market,Darjeeling,Leaves,Tea,Connecticut,Regular,50,80,60,130,50,814,73,14,48,123,25,-5%
603,12/16/10 0:00,East,Small Market,Darjeeling,Leaves,Tea,New Hampshire,Regular,10,30,20,40,18,818,27,5,11,45,16,13%
475,12/17/10 0:00,East,Small Market,Green Tea,Leaves,Tea,Connecticut,Regular,20,50,40,70,27,772,39,7,21,66,18,-6%
603,12/18/10 0:00,East,Small Market,Green Tea,Leaves,Tea,New Hampshire,Regular,0,40,30,40,0,774,43,0,32,43,11,8%
775,12/19/10 0:00,West,Small Market,Darjeeling,Leaves,Tea,Nevada,Regular,150,220,150,370,234,"1,282",311,77,202,545,109,47%
541,12/20/10 0:00,West,Small Market,Darjeeling,Leaves,Tea,Oregon,Regular,10,20,20,30,22,452,34,6,17,56,17,87%
435,12/21/10 0:00,West,Small Market,Darjeeling,Leaves,Tea,Utah,Regular,20,50,10,70,43,256,61,39,-7,104,68,49%
360,12/22/10 0:00,West,Small Market,Darjeeling,Leaves,Tea,Washington,Regular,40,70,40,110,65,372,109,20,66,174,43,58%
702,12/23/10 0:00,West,Small Market,Earl Grey,Leaves,Tea,Nevada,Regular,150,160,100,310,228,"1,436",229,63,142,457,87,47%
971,12/24/10 0:00,West,Small Market,Earl Grey,Leaves,Tea,Oregon,Regular,50,80,50,130,80,640,120,26,62,200,58,54%
435,12/25/10 0:00,West,Small Market,Earl Grey,Leaves,Tea,Utah,Regular,20,30,10,50,35,191,47,11,9,82,38,64%
206,12/26/10 0:00,West,Small Market,Earl Grey,Leaves,Tea,Washington,Regular,30,60,40,90,56,382,81,17,41,137,40,52%
702,12/27/10 0:00,West,Small Market,Green Tea,Leaves,Tea,Nevada,Regular,150,-150,-220,0,240,"1,937",-240,91,-342,23,125,
503,12/28/10 0:00,West,Small Market,Green Tea,Leaves,Tea,Oregon,Regular,50,90,60,140,86,490,120,26,71,206,49,47%
435,12/29/10 0:00,West,Small Market,Green Tea,Leaves,Tea,Utah,Regular,10,30,10,40,30,165,38,11,-6,68,44,70%
253,12/30/10 0:00,West,Small Market,Green Tea,Leaves,Tea,Washington,Regular,40,60,10,100,65,513,90,58,3,155,87,55%
720,12/31/10 0:00,Central,Major Market,Decaf Irish Cream,Beans,Coffee,Colorado,Decaf,100,140,110,240,95,799,139,26,101,234,38,-3%
630,1/1/11 0:00,Central,Major Market,Decaf Irish Cream,Beans,Coffee,Illinois,Decaf,110,170,120,280,109,585,158,34,102,267,56,-5%
513,1/2/11 0:00,Central,Major Market,Decaf Irish Cream,Beans,Coffee,Ohio,Decaf,50,80,20,130,52,421,73,47,-4,125,77,-4%
970,1/3/11 0:00,Central,Major Market,Decaf Espresso,Beans,Espresso,Colorado,Decaf,80,130,80,210,72,541,108,23,54,180,54,-14%
773,1/4/11 0:00,Central,Major Market,Decaf Espresso,Beans,Espresso,Illinois,Decaf,270,290,200,560,239,"1,417",239,66,148,478,91,-15%
234,1/5/11 0:00,Central,Major Market,Decaf Espresso,Beans,Espresso,Ohio,Decaf,60,90,40,150,58,325,71,22,15,129,56,-14%
321,1/6/11 0:00,East,Major Market,Decaf Irish Cream,Beans,Coffee,Florida,Decaf,80,120,80,200,89,481,125,27,74,214,51,7%
941,1/7/11 0:00,East,Major Market,Decaf Espresso,Beans,Espresso,Florida,Decaf,70,110,70,180,80,415,108,26,54,188,54,4%
214,1/8/11 0:00,South,Major Market,Decaf Irish Cream,Beans,Coffee,Texas,Decaf,100,140,110,240,84,603,109,27,70,193,39,-20%
972,1/9/11 0:00,South,Major Market,Decaf Espresso,Beans,Espresso,Texas,Decaf,60,110,90,170,81,441,117,22,84,198,33,16%
650,1/10/11 0:00,West,Major Market,Decaf Irish Cream,Beans,Coffee,California,Decaf,190,-40,-120,150,154,"1,288",-27,50,-121,127,94,-15%
916,1/11/11 0:00,West,Major Market,Decaf Espresso,Beans,Espresso,California,Decaf,230,310,210,540,243,"1,260",324,80,211,567,113,5%
720,1/12/11 0:00,Central,Major Market,Amaretto,Beans,Coffee,Colorado,Regular,90,130,100,220,87,756,126,24,90,213,36,-3%
937,1/13/11 0:00,Central,Major Market,Amaretto,Beans,Coffee,Ohio,Regular,60,80,50,140,57,323,77,18,32,134,45,-4%
970,1/14/11 0:00,Central,Major Market,Colombian,Beans,Coffee,Colorado,Regular,80,120,90,200,84,603,109,27,69,193,40,-4%
217,1/15/11 0:00,Central,Major Market,Colombian,Beans,Coffee,Illinois,Regular,160,220,140,380,154,829,213,50,119,367,94,-3%
740,1/16/11 0:00,Central,Major Market,Colombian,Beans,Coffee,Ohio,Regular,50,70,40,120,49,351,72,15,35,121,37,1%
719,1/17/11 0:00,Central,Major Market,Caffe Mocha,Beans,Espresso,Colorado,Regular,90,140,110,230,81,441,117,22,84,198,33,-14%
312,1/18/11 0:00,Central,Major Market,Caffe Mocha,Beans,Espresso,Illinois,Regular,280,380,260,660,243,"1,260",324,80,211,567,113,-14%
513,1/19/11 0:00,Central,Major Market,Caffe Mocha,Beans,Espresso,Ohio,Regular,180,200,130,380,162,"1,059",163,45,94,325,69,-14%
561,1/20/11 0:00,East,Major Market,Colombian,Beans,Coffee,Florida,Regular,80,110,70,190,84,632,126,27,67,210,59,11%
978,1/21/11 0:00,East,Major Market,Colombian,Beans,Coffee,Massachusetts,Regular,60,400,360,460,72,-54,420,23,366,492,54,7%
718,1/22/11 0:00,East,Major Market,Colombian,Beans,Coffee,New York,Regular,250,390,270,640,270,"2,041",405,94,259,675,146,5%
941,1/23/11 0:00,East,Major Market,Caffe Mocha,Beans,Espresso,Florida,Regular,90,130,30,220,95,532,132,86,17,227,115,3%
508,1/24/11 0:00,East,Major Market,Caffe Mocha,Beans,Espresso,Massachusetts,Regular,40,80,20,120,52,446,73,47,-4,125,77,4%
607,1/25/11 0:00,East,Major Market,Caffe Mocha,Beans,Espresso,New York,Regular,120,-60,-190,60,125,"1,118",-62,113,-208,63,146,5%
508,1/26/11 0:00,East,Major Market,Regular Espresso,Beans,Espresso,Massachusetts,Regular,150,160,100,310,162,"1,059",163,45,94,325,69,5%
718,1/27/11 0:00,East,Major Market,Regular Espresso,Beans,Espresso,New York,Regular,220,290,210,510,239,"1,260",284,66,194,523,90,3%
940,1/28/11 0:00,South,Major Market,Colombian,Beans,Coffee,Texas,Regular,260,320,240,580,214,923,253,66,166,467,87,-19%
325,1/29/11 0:00,South,Major Market,Caffe Latte,Beans,Espresso,Texas,Regular,60,90,50,150,72,189,108,23,54,180,54,20%
936,1/30/11 0:00,South,Major Market,Caffe Mocha,Beans,Espresso,Texas,Regular,70,110,90,180,87,756,126,24,91,213,35,18%
925,1/31/11 0:00,West,Major Market,Amaretto,Beans,Coffee,California,Regular,130,20,-30,150,109,796,16,34,-41,125,57,-17%
707,2/1/11 0:00,West,Major Market,Colombian,Beans,Coffee,California,Regular,340,500,370,840,270,"2,041",405,94,259,675,146,-20%
760,2/2/11 0:00,West,Major Market,Caffe Latte,Beans,Espresso,California,Regular,220,230,150,450,239,"1,417",239,66,149,478,90,6%
323,2/3/11 0:00,West,Major Market,Caffe Mocha,Beans,Espresso,California,Regular,120,160,30,280,125,700,173,113,27,298,146,6%
719,2/4/11 0:00,Central,Major Market,Chamomile,Leaves,Herbal Tea,Colorado,Decaf,130,150,100,280,162,"1,059",163,45,94,325,69,16%
224,2/5/11 0:00,Central,Major Market,Chamomile,Leaves,Herbal Tea,Illinois,Decaf,70,110,90,180,87,756,126,24,91,213,35,18%
234,2/6/11 0:00,Central,Major Market,Chamomile,Leaves,Herbal Tea,Ohio,Decaf,10,30,30,40,21,449,32,5,15,53,17,33%
970,2/7/11 0:00,Central,Major Market,Lemon,Leaves,Herbal Tea,Colorado,Decaf,40,70,20,110,52,421,73,47,-4,125,77,14%
630,2/8/11 0:00,Central,Major Market,Lemon,Leaves,Herbal Tea,Illinois,Decaf,70,90,60,160,84,603,109,27,70,193,39,21%
740,2/9/11 0:00,Central,Major Market,Lemon,Leaves,Herbal Tea,Ohio,Decaf,20,40,40,60,32,813,47,8,28,79,19,32%
720,2/10/11 0:00,Central,Major Market,Mint,Leaves,Herbal Tea,Colorado,Decaf,40,70,40,110,57,323,77,18,31,134,46,22%
773,2/11/11 0:00,Central,Major Market,Mint,Leaves,Herbal Tea,Illinois,Decaf,80,120,100,200,95,799,139,26,102,234,37,17%
863,2/12/11 0:00,East,Major Market,Chamomile,Leaves,Herbal Tea,Florida,Decaf,30,50,30,80,49,611,63,16,35,112,28,40%
772,2/13/11 0:00,East,Major Market,Lemon,Leaves,Herbal Tea,Florida,Decaf,40,50,20,90,54,301,66,20,12,120,54,33%
508,2/14/11 0:00,East,Major Market,Lemon,Leaves,Herbal Tea,Massachusetts,Decaf,40,60,30,100,58,325,71,22,16,129,55,29%
516,2/15/11 0:00,East,Major Market,Lemon,Leaves,Herbal Tea,New York,Decaf,180,220,130,400,245,"1,471",268,93,141,513,127,28%
813,2/16/11 0:00,East,Major Market,Mint,Leaves,Herbal Tea,Florida,Decaf,50,70,50,120,71,950,84,22,40,155,44,29%
914,2/17/11 0:00,East,Major Market,Mint,Leaves,Herbal Tea,New York,Decaf,160,-20,-80,140,214,"1,480",-32,66,-119,182,87,30%
214,2/18/11 0:00,South,Major Market,Chamomile,Leaves,Herbal Tea,Texas,Decaf,50,80,50,130,57,323,77,18,31,134,46,3%
281,2/19/11 0:00,South,Major Market,Lemon,Leaves,Herbal Tea,Texas,Decaf,40,70,40,110,49,351,72,15,35,121,37,10%
562,2/20/11 0:00,West,Major Market,Chamomile,Leaves,Herbal Tea,California,Decaf,80,120,100,200,95,799,139,26,101,234,38,17%
213,2/21/11 0:00,West,Major Market,Lemon,Leaves,Herbal Tea,California,Decaf,180,230,170,410,214,923,253,66,165,467,88,14%
562,2/22/11 0:00,West,Major Market,Mint,Leaves,Herbal Tea,California,Decaf,70,90,60,160,84,603,109,27,69,193,40,21%
970,2/23/11 0:00,Central,Major Market,Darjeeling,Leaves,Tea,Colorado,Regular,40,70,20,110,58,325,71,22,16,129,55,17%
815,2/24/11 0:00,Central,Major Market,Darjeeling,Leaves,Tea,Illinois,Regular,60,110,80,170,81,441,117,22,84,198,33,16%
513,2/25/11 0:00,Central,Major Market,Darjeeling,Leaves,Tea,Ohio,Regular,70,110,60,180,84,632,126,27,68,210,58,17%
303,2/26/11 0:00,Central,Major Market,Earl Grey,Leaves,Tea,Colorado,Regular,50,60,30,110,62,952,73,19,32,135,41,23%
773,2/27/11 0:00,Central,Major Market,Earl Grey,Leaves,Tea,Illinois,Regular,60,90,40,150,72,541,108,23,53,180,55,20%
513,2/28/11 0:00,Central,Major Market,Earl Grey,Leaves,Tea,Ohio,Regular,70,110,70,180,89,481,125,27,74,214,51,19%
720,3/1/11 0:00,Central,Major Market,Green Tea,Leaves,Tea,Colorado,Regular,30,50,30,80,43,613,55,14,29,98,26,23%
863,3/2/11 0:00,East,Major Market,Darjeeling,Leaves,Tea,Florida,Regular,30,50,40,80,33,813,48,9,27,81,21,1%
978,3/3/11 0:00,East,Major Market,Darjeeling,Leaves,Tea,Massachusetts,Regular,30,50,40,80,32,813,47,8,28,79,19,-1%
716,3/4/11 0:00,East,Major Market,Darjeeling,Leaves,Tea,New York,Regular,100,150,120,250,95,799,139,26,102,234,37,-6%
315,3/5/11 0:00,East,Major Market,Earl Grey,Leaves,Tea,New York,Regular,90,140,110,230,87,756,126,24,91,213,35,-7%
813,3/6/11 0:00,East,Major Market,Green Tea,Leaves,Tea,Florida,Regular,50,80,60,130,49,767,72,13,47,121,25,-7%
857,3/7/11 0:00,East,Major Market,Green Tea,Leaves,Tea,Massachusetts,Regular,20,30,20,50,21,449,32,5,15,53,17,6%
518,3/8/11 0:00,East,Major Market,Green Tea,Leaves,Tea,New York,Regular,80,130,100,210,81,441,117,22,83,198,34,-6%
415,3/9/11 0:00,West,Major Market,Darjeeling,Leaves,Tea,California,Regular,50,90,80,140,87,756,126,24,91,213,35,52%
951,3/10/11 0:00,West,Major Market,Earl Grey,Leaves,Tea,California,Regular,50,80,70,130,81,441,117,22,84,198,33,52%
415,3/11/11 0:00,West,Major Market,Green Tea,Leaves,Tea,California,Regular,40,80,50,120,72,541,108,23,54,180,54,50%
563,3/12/11 0:00,Central,Small Market,Decaf Irish Cream,Beans,Coffee,Iowa,Decaf,20,30,20,50,23,617,31,7,12,54,19,8%
573,3/13/11 0:00,Central,Small Market,Decaf Irish Cream,Beans,Coffee,Missouri,Decaf,70,100,60,170,74,949,89,22,45,163,44,-4%
414,3/14/11 0:00,Central,Small Market,Decaf Irish Cream,Beans,Coffee,Wisconsin,Decaf,80,110,70,190,80,415,108,26,55,188,53,-1%
563,3/15/11 0:00,Central,Small Market,Decaf Espresso,Beans,Espresso,Iowa,Decaf,0,50,40,50,0,731,43,0,32,43,11,-14%
660,3/16/11 0:00,Central,Small Market,Decaf Espresso,Beans,Espresso,Missouri,Decaf,50,80,60,130,48,766,70,13,45,118,25,-9%
715,3/17/11 0:00,Central,Small Market,Decaf Espresso,Beans,Espresso,Wisconsin,Decaf,50,80,60,130,49,611,63,16,34,112,29,-14%
860,3/18/11 0:00,East,Small Market,Decaf Espresso,Beans,Espresso,Connecticut,Decaf,50,70,40,120,53,299,71,17,26,124,45,3%
318,3/19/11 0:00,South,Small Market,Decaf Irish Cream,Beans,Coffee,Louisiana,Decaf,60,90,70,150,49,767,72,13,47,121,25,-19%
505,3/20/11 0:00,South,Small Market,Decaf Irish Cream,Beans,Coffee,New Mexico,Decaf,110,20,-20,130,88,715,18,27,-33,106,51,-18%
405,3/21/11 0:00,South,Small Market,Decaf Irish Cream,Beans,Coffee,Oklahoma,Decaf,40,50,40,90,32,813,47,8,27,79,20,-12%
504,3/22/11 0:00,South,Small Market,Decaf Espresso,Beans,Espresso,Louisiana,Decaf,40,70,50,110,52,376,77,16,38,129,39,17%
505,3/23/11 0:00,South,Small Market,Decaf Espresso,Beans,Espresso,New Mexico,Decaf,30,40,10,70,36,187,49,11,11,85,38,21%
580,3/24/11 0:00,South,Small Market,Decaf Espresso,Beans,Espresso,Oklahoma,Decaf,70,110,70,180,84,632,126,27,68,210,58,17%
702,3/25/11 0:00,West,Small Market,Decaf Irish Cream,Beans,Coffee,Nevada,Decaf,30,40,20,70,28,958,35,8,6,63,29,-10%
503,3/26/11 0:00,West,Small Market,Decaf Irish Cream,Beans,Coffee,Oregon,Decaf,60,90,60,150,49,351,72,15,34,121,38,-19%
435,3/27/11 0:00,West,Small Market,Decaf Irish Cream,Beans,Coffee,Utah,Decaf,100,130,70,230,85,476,104,32,38,189,66,-18%
206,3/28/11 0:00,West,Small Market,Decaf Irish Cream,Beans,Coffee,Washington,Decaf,110,170,70,280,95,532,132,86,16,227,116,-19%
775,3/29/11 0:00,West,Small Market,Decaf Espresso,Beans,Espresso,Nevada,Decaf,10,20,10,30,16,772,25,4,10,41,15,37%
971,3/30/11 0:00,West,Small Market,Decaf Espresso,Beans,Espresso,Oregon,Decaf,150,160,100,310,162,"1,059",163,45,94,325,69,5%
435,3/31/11 0:00,West,Small Market,Decaf Espresso,Beans,Espresso,Utah,Decaf,40,70,50,110,49,809,72,13,47,121,25,10%
425,4/1/11 0:00,West,Small Market,Decaf Espresso,Beans,Espresso,Washington,Decaf,60,80,50,140,71,950,84,22,40,155,44,11%
712,4/2/11 0:00,Central,Small Market,Amaretto,Beans,Coffee,Iowa,Regular,10,30,20,40,18,816,27,5,10,45,17,13%
262,4/3/11 0:00,Central,Small Market,Amaretto,Beans,Coffee,Wisconsin,Regular,50,70,30,120,54,301,66,20,13,120,53,0%
641,4/4/11 0:00,Central,Small Market,Colombian,Beans,Coffee,Iowa,Regular,20,40,20,60,28,958,35,8,6,63,29,5%
573,4/5/11 0:00,Central,Small Market,Colombian,Beans,Coffee,Missouri,Regular,90,100,40,190,85,476,104,32,39,189,65,-1%
262,4/6/11 0:00,Central,Small Market,Colombian,Beans,Coffee,Wisconsin,Regular,100,130,30,230,95,532,132,86,17,227,115,-1%
712,4/7/11 0:00,Central,Small Market,Caffe Mocha,Beans,Espresso,Iowa,Regular,10,30,20,40,16,772,25,4,9,41,16,2%
573,4/8/11 0:00,Central,Small Market,Caffe Mocha,Beans,Espresso,Missouri,Regular,50,90,70,140,49,809,72,13,47,121,25,-14%
715,4/9/11 0:00,Central,Small Market,Caffe Mocha,Beans,Espresso,Wisconsin,Regular,80,100,60,180,71,950,84,22,41,155,43,-14%
603,4/10/11 0:00,East,Small Market,Amaretto,Beans,Coffee,New Hampshire,Regular,40,60,40,100,43,231,64,13,29,107,35,7%
475,4/11/11 0:00,East,Small Market,Colombian,Beans,Coffee,Connecticut,Regular,110,180,130,290,123,932,186,40,114,309,72,7%
603,4/12/11 0:00,East,Small Market,Colombian,Beans,Coffee,New Hampshire,Regular,40,70,40,110,47,361,72,15,26,119,46,8%
860,4/13/11 0:00,East,Small Market,Caffe Mocha,Beans,Espresso,Connecticut,Regular,60,80,10,140,63,506,87,57,0,150,87,7%
603,4/14/11 0:00,East,Small Market,Caffe Mocha,Beans,Espresso,New Hampshire,Regular,40,60,10,100,44,251,63,40,-7,107,70,7%
603,4/15/11 0:00,East,Small Market,Regular Espresso,Beans,Espresso,New Hampshire,Regular,30,40,0,70,33,162,42,12,-4,75,46,7%
225,4/16/11 0:00,South,Small Market,Colombian,Beans,Coffee,Louisiana,Regular,40,60,50,100,33,768,49,9,29,82,20,-18%
505,4/17/11 0:00,South,Small Market,Colombian,Beans,Coffee,New Mexico,Regular,50,90,50,140,47,361,72,15,26,119,46,-15%
918,4/18/11 0:00,South,Small Market,Colombian,Beans,Coffee,Oklahoma,Regular,50,70,50,120,43,613,55,14,29,98,26,-18%
318,4/19/11 0:00,South,Small Market,Caffe Latte,Beans,Espresso,Louisiana,Regular,50,70,0,120,63,187,87,57,1,150,86,25%
505,4/20/11 0:00,South,Small Market,Caffe Latte,Beans,Espresso,New Mexico,Regular,20,40,10,60,33,36,42,12,-3,75,45,25%
405,4/21/11 0:00,South,Small Market,Caffe Latte,Beans,Espresso,Oklahoma,Regular,70,110,80,180,89,94,125,27,74,214,51,19%
318,4/22/11 0:00,South,Small Market,Caffe Mocha,Beans,Espresso,Louisiana,Regular,50,90,70,140,62,346,105,19,63,167,42,19%
505,4/23/11 0:00,South,Small Market,Caffe Mocha,Beans,Espresso,New Mexico,Regular,30,60,10,90,44,251,63,40,-7,107,70,19%
918,4/24/11 0:00,South,Small Market,Caffe Mocha,Beans,Espresso,Oklahoma,Regular,10,30,30,40,21,449,32,5,15,53,17,33%
503,4/25/11 0:00,West,Small Market,Amaretto,Beans,Coffee,Oregon,Regular,60,90,30,150,52,421,73,47,-3,125,76,-17%
435,4/26/11 0:00,West,Small Market,Amaretto,Beans,Coffee,Utah,Regular,90,110,70,200,74,949,89,22,45,163,44,-19%
702,4/27/11 0:00,West,Small Market,Colombian,Beans,Coffee,Nevada,Regular,40,50,10,90,33,190,42,12,-4,75,46,-17%
503,4/28/11 0:00,West,Small Market,Colombian,Beans,Coffee,Oregon,Regular,70,110,60,180,62,385,87,20,24,149,63,-17%
801,4/29/11 0:00,West,Small Market,Colombian,Beans,Coffee,Utah,Regular,60,90,60,150,53,299,71,17,26,124,45,-17%
206,4/30/11 0:00,West,Small Market,Colombian,Beans,Coffee,Washington,Regular,70,110,80,180,61,325,89,19,48,150,41,-17%
775,5/1/11 0:00,West,Small Market,Caffe Latte,Beans,Espresso,Nevada,Regular,0,40,30,40,0,731,43,0,31,43,12,8%
541,5/2/11 0:00,West,Small Market,Caffe Latte,Beans,Espresso,Oregon,Regular,50,70,20,120,58,325,71,22,15,129,56,8%
435,5/3/11 0:00,West,Small Market,Caffe Latte,Beans,Espresso,Utah,Regular,40,70,50,110,48,766,70,13,45,118,25,7%
253,5/4/11 0:00,West,Small Market,Caffe Latte,Beans,Espresso,Washington,Regular,40,60,40,100,49,611,63,16,35,112,28,12%
775,5/5/11 0:00,West,Small Market,Caffe Mocha,Beans,Espresso,Nevada,Regular,10,30,20,40,18,816,27,5,10,45,17,13%
971,5/6/11 0:00,West,Small Market,Caffe Mocha,Beans,Espresso,Oregon,Regular,50,70,40,120,57,323,77,18,32,134,45,12%
801,5/7/11 0:00,West,Small Market,Caffe Mocha,Beans,Espresso,Utah,Regular,40,60,40,100,48,611,62,15,34,110,28,10%
253,5/8/11 0:00,West,Small Market,Caffe Mocha,Beans,Espresso,Washington,Regular,50,60,20,110,54,301,66,20,12,120,54,9%
641,5/9/11 0:00,Central,Small Market,Chamomile,Leaves,Herbal Tea,Iowa,Decaf,200,290,210,490,243,"1,260",324,80,212,567,112,16%
816,5/10/11 0:00,Central,Small Market,Chamomile,Leaves,Herbal Tea,Missouri,Decaf,30,60,10,90,44,251,63,40,-6,107,69,19%
262,5/11/11 0:00,Central,Small Market,Chamomile,Leaves,Herbal Tea,Wisconsin,Decaf,50,90,70,140,62,346,105,19,63,167,42,19%
319,5/12/11 0:00,Central,Small Market,Lemon,Leaves,Herbal Tea,Iowa,Decaf,90,140,110,230,109,585,158,34,102,267,56,16%
636,5/13/11 0:00,Central,Small Market,Lemon,Leaves,Herbal Tea,Missouri,Decaf,70,20,-10,90,88,715,18,27,-32,106,50,18%
715,5/14/11 0:00,Central,Small Market,Lemon,Leaves,Herbal Tea,Wisconsin,Decaf,40,60,50,100,49,767,72,13,47,121,25,21%
203,5/15/11 0:00,East,Small Market,Lemon,Leaves,Herbal Tea,Connecticut,Decaf,60,80,40,140,85,476,104,32,39,189,65,35%
603,5/16/11 0:00,East,Small Market,Lemon,Leaves,Herbal Tea,New Hampshire,Decaf,20,30,0,50,33,190,42,12,-3,75,45,50%
203,5/17/11 0:00,East,Small Market,Mint,Leaves,Herbal Tea,Connecticut,Decaf,50,70,50,120,74,949,89,22,46,163,43,36%
337,5/18/11 0:00,South,Small Market,Chamomile,Leaves,Herbal Tea,Louisiana,Decaf,40,60,40,100,48,611,62,15,34,110,28,10%
505,5/19/11 0:00,South,Small Market,Chamomile,Leaves,Herbal Tea,New Mexico,Decaf,10,30,20,40,18,816,27,5,10,45,17,13%
580,5/20/11 0:00,South,Small Market,Chamomile,Leaves,Herbal Tea,Oklahoma,Decaf,50,60,20,110,54,301,66,20,13,120,53,9%
318,5/21/11 0:00,South,Small Market,Lemon,Leaves,Herbal Tea,Louisiana,Decaf,80,100,40,180,85,476,104,32,39,189,65,5%
505,5/22/11 0:00,South,Small Market,Lemon,Leaves,Herbal Tea,New Mexico,Decaf,20,40,20,60,28,958,35,8,5,63,30,5%
405,5/23/11 0:00,South,Small Market,Lemon,Leaves,Herbal Tea,Oklahoma,Decaf,90,130,30,220,95,532,132,86,17,227,115,3%
775,5/24/11 0:00,West,Small Market,Chamomile,Leaves,Herbal Tea,Nevada,Decaf,100,160,50,260,125,700,173,113,27,298,146,15%
541,5/25/11 0:00,West,Small Market,Chamomile,Leaves,Herbal Tea,Oregon,Decaf,30,50,50,80,37,768,55,10,33,92,22,15%
435,5/26/11 0:00,West,Small Market,Chamomile,Leaves,Herbal Tea,Utah,Decaf,30,60,40,90,43,231,64,13,28,107,36,19%
206,5/27/11 0:00,West,Small Market,Chamomile,Leaves,Herbal Tea,Washington,Decaf,100,170,120,270,123,932,186,40,115,309,71,14%
702,5/28/11 0:00,West,Small Market,Lemon,Leaves,Herbal Tea,Nevada,Decaf,130,190,120,320,154,829,213,50,119,367,94,15%
971,5/29/11 0:00,West,Small Market,Lemon,Leaves,Herbal Tea,Oregon,Decaf,30,50,30,80,43,613,55,14,29,98,26,23%
435,5/30/11 0:00,West,Small Market,Lemon,Leaves,Herbal Tea,Utah,Decaf,40,60,30,100,47,361,72,15,26,119,46,19%
360,5/31/11 0:00,West,Small Market,Lemon,Leaves,Herbal Tea,Washington,Decaf,20,50,50,70,33,768,49,9,29,82,20,17%
702,6/1/11 0:00,West,Small Market,Mint,Leaves,Herbal Tea,Nevada,Decaf,90,140,110,230,109,585,158,34,102,267,56,16%
801,6/2/11 0:00,West,Small Market,Mint,Leaves,Herbal Tea,Utah,Decaf,70,20,-20,90,88,715,18,27,-32,106,50,18%
515,6/3/11 0:00,Central,Small Market,Darjeeling,Leaves,Tea,Iowa,Regular,200,220,140,420,239,"1,417",239,66,148,478,91,14%
417,6/4/11 0:00,Central,Small Market,Darjeeling,Leaves,Tea,Missouri,Regular,30,40,10,70,36,187,49,11,11,85,38,21%
414,6/5/11 0:00,Central,Small Market,Darjeeling,Leaves,Tea,Wisconsin,Regular,40,70,40,110,52,376,77,16,38,129,39,17%
515,6/6/11 0:00,Central,Small Market,Earl Grey,Leaves,Tea,Iowa,Regular,210,270,160,480,245,"1,369",301,93,175,546,126,14%
417,6/7/11 0:00,Central,Small Market,Earl Grey,Leaves,Tea,Missouri,Regular,20,40,0,60,33,162,42,12,-3,75,45,25%
920,6/8/11 0:00,Central,Small Market,Earl Grey,Leaves,Tea,Wisconsin,Regular,50,80,10,130,63,506,87,57,1,150,86,15%
573,6/9/11 0:00,Central,Small Market,Green Tea,Leaves,Tea,Missouri,Regular,20,40,0,60,33,190,42,12,-4,75,46,25%
959,6/10/11 0:00,East,Small Market,Darjeeling,Leaves,Tea,Connecticut,Regular,50,80,60,130,49,809,72,13,47,121,25,-7%
603,6/11/11 0:00,East,Small Market,Darjeeling,Leaves,Tea,New Hampshire,Regular,10,30,20,40,18,816,27,5,11,45,16,13%
860,6/12/11 0:00,East,Small Market,Green Tea,Leaves,Tea,Connecticut,Regular,20,40,30,60,25,769,37,7,18,62,19,3%
603,6/13/11 0:00,East,Small Market,Green Tea,Leaves,Tea,New Hampshire,Regular,0,40,30,40,0,731,43,0,32,43,11,8%
702,6/14/11 0:00,West,Small Market,Darjeeling,Leaves,Tea,Nevada,Regular,160,220,150,380,243,"1,260",324,80,212,567,112,49%
971,6/15/11 0:00,West,Small Market,Darjeeling,Leaves,Tea,Oregon,Regular,10,20,20,30,21,449,32,5,16,53,16,77%
801,6/16/11 0:00,West,Small Market,Darjeeling,Leaves,Tea,Utah,Regular,20,50,10,70,44,251,63,40,-7,107,70,53%
206,6/17/11 0:00,West,Small Market,Darjeeling,Leaves,Tea,Washington,Regular,40,70,40,110,62,346,105,19,62,167,43,52%
702,6/18/11 0:00,West,Small Market,Earl Grey,Leaves,Tea,Nevada,Regular,150,170,110,320,239,"1,417",239,66,148,478,91,49%
503,6/19/11 0:00,West,Small Market,Earl Grey,Leaves,Tea,Oregon,Regular,50,90,60,140,84,632,126,27,68,210,58,50%
435,6/20/11 0:00,West,Small Market,Earl Grey,Leaves,Tea,Utah,Regular,20,30,10,50,36,187,49,11,10,85,39,70%
253,6/21/11 0:00,West,Small Market,Earl Grey,Leaves,Tea,Washington,Regular,30,50,30,80,52,376,77,16,38,129,39,61%
775,6/22/11 0:00,West,Small Market,Green Tea,Leaves,Tea,Nevada,Regular,160,-160,-240,0,245,"2,449",-245,93,-340,32,127,
541,6/23/11 0:00,West,Small Market,Green Tea,Leaves,Tea,Oregon,Regular,50,90,60,140,89,481,125,27,74,214,51,53%
435,6/24/11 0:00,West,Small Market,Green Tea,Leaves,Tea,Utah,Regular,20,30,10,50,33,162,42,12,-4,75,46,50%
206,6/25/11 0:00,West,Small Market,Green Tea,Leaves,Tea,Washington,Regular,40,60,10,100,63,506,87,57,0,150,87,50%
303,6/26/11 0:00,Central,Major Market,Decaf Irish Cream,Beans,Coffee,Colorado,Decaf,100,150,120,250,100,822,145,28,105,245,40,-2%
309,6/27/11 0:00,Central,Major Market,Decaf Irish Cream,Beans,Coffee,Illinois,Decaf,130,180,130,310,123,611,178,39,116,301,62,-3%
513,6/28/11 0:00,Central,Major Market,Decaf Irish Cream,Beans,Coffee,Ohio,Decaf,50,80,20,130,52,433,73,47,-3,125,76,-4%
719,6/29/11 0:00,Central,Major Market,Decaf Espresso,Beans,Espresso,Colorado,Decaf,70,130,80,200,68,559,102,22,48,170,54,-15%
217,6/30/11 0:00,Central,Major Market,Decaf Espresso,Beans,Espresso,Illinois,Decaf,270,290,200,560,239,"1,464",239,66,149,478,90,-15%
419,7/1/11 0:00,Central,Major Market,Decaf Espresso,Beans,Espresso,Ohio,Decaf,60,80,30,140,54,337,67,20,13,121,54,-14%
561,7/2/11 0:00,East,Major Market,Decaf Irish Cream,Beans,Coffee,Florida,Decaf,100,150,100,250,112,502,155,34,98,267,57,7%
904,7/3/11 0:00,East,Major Market,Decaf Espresso,Beans,Espresso,Florida,Decaf,70,120,80,190,83,433,112,27,58,195,54,3%
903,7/4/11 0:00,South,Major Market,Decaf Irish Cream,Beans,Coffee,Texas,Decaf,90,130,100,220,78,593,100,25,63,178,37,-19%
956,7/5/11 0:00,South,Major Market,Decaf Espresso,Beans,Espresso,Texas,Decaf,60,110,90,170,81,460,117,22,84,198,33,16%
916,7/6/11 0:00,West,Major Market,Decaf Irish Cream,Beans,Coffee,California,Decaf,240,-50,-150,190,191,"1,564",-32,63,-141,159,109,-16%
831,7/7/11 0:00,West,Major Market,Decaf Espresso,Beans,Espresso,California,Decaf,240,320,220,560,252,"1,316",335,83,220,587,115,5%
720,7/8/11 0:00,Central,Major Market,Amaretto,Beans,Coffee,Colorado,Regular,90,140,110,230,91,777,132,25,96,223,36,-3%
740,7/9/11 0:00,Central,Major Market,Amaretto,Beans,Coffee,Ohio,Regular,50,80,50,130,55,336,74,18,28,129,46,-1%
970,7/10/11 0:00,Central,Major Market,Colombian,Beans,Coffee,Colorado,Regular,80,100,70,180,78,593,100,25,63,178,37,-1%
217,7/11/11 0:00,Central,Major Market,Colombian,Beans,Coffee,Illinois,Regular,200,270,170,470,191,865,265,63,156,456,109,-3%
513,7/12/11 0:00,Central,Major Market,Colombian,Beans,Coffee,Ohio,Regular,40,70,40,110,43,363,64,13,27,107,37,-3%
720,7/13/11 0:00,Central,Major Market,Caffe Mocha,Beans,Espresso,Colorado,Regular,90,140,110,230,81,460,117,22,84,198,33,-14%
217,7/14/11 0:00,Central,Major Market,Caffe Mocha,Beans,Espresso,Illinois,Regular,290,400,280,690,252,"1,316",335,83,220,587,115,-15%
567,7/15/11 0:00,Central,Major Market,Caffe Mocha,Beans,Espresso,Ohio,Regular,180,200,130,380,162,"1,091",163,45,93,325,70,-14%
305,7/16/11 0:00,East,Major Market,Colombian,Beans,Coffee,Florida,Regular,80,130,90,210,88,653,134,29,73,222,61,6%
774,7/17/11 0:00,East,Major Market,Colombian,Beans,Coffee,Massachusetts,Regular,60,430,400,490,68,-348,451,22,397,519,54,6%
631,7/18/11 0:00,East,Major Market,Colombian,Beans,Coffee,New York,Regular,270,400,280,670,284,"2,108",428,99,276,712,152,6%
786,7/19/11 0:00,East,Major Market,Caffe Mocha,Beans,Espresso,Florida,Regular,90,130,30,220,95,554,132,86,17,227,115,3%
617,7/20/11 0:00,East,Major Market,Caffe Mocha,Beans,Espresso,Massachusetts,Regular,40,70,10,110,52,458,65,47,-12,117,77,6%
914,7/21/11 0:00,East,Major Market,Caffe Mocha,Beans,Espresso,New York,Regular,120,-60,-190,60,125,"1,382",-59,113,-205,66,146,10%
351,7/22/11 0:00,East,Major Market,Regular Espresso,Beans,Espresso,Massachusetts,Regular,150,160,100,310,162,"1,091",163,45,94,325,69,5%
516,7/23/11 0:00,East,Major Market,Regular Espresso,Beans,Espresso,New York,Regular,220,330,250,550,239,"1,262",325,66,235,564,90,3%
832,7/24/11 0:00,South,Major Market,Colombian,Beans,Coffee,Texas,Regular,260,310,230,570,209,969,247,64,161,456,86,-20%
832,7/25/11 0:00,South,Major Market,Caffe Latte,Beans,Espresso,Texas,Regular,50,90,50,140,68,9,102,22,48,170,54,21%
325,7/26/11 0:00,South,Major Market,Caffe Mocha,Beans,Espresso,Texas,Regular,70,120,100,190,91,777,132,25,96,223,36,17%
818,7/27/11 0:00,West,Major Market,Amaretto,Beans,Coffee,California,Regular,150,-20,-70,130,123,964,-13,39,-76,110,63,-15%
209,7/28/11 0:00,West,Major Market,Colombian,Beans,Coffee,California,Regular,350,540,400,890,284,"2,108",428,99,276,712,152,-20%
925,7/29/11 0:00,West,Major Market,Caffe Latte,Beans,Espresso,California,Regular,220,230,150,450,239,"1,464",239,66,148,478,91,6%
805,7/30/11 0:00,West,Major Market,Caffe Mocha,Beans,Espresso,California,Regular,120,160,30,280,125,729,173,113,26,298,147,6%
303,7/31/11 0:00,Central,Major Market,Chamomile,Leaves,Herbal Tea,Colorado,Decaf,130,150,100,280,162,"1,091",163,45,94,325,69,16%
224,8/1/11 0:00,Central,Major Market,Chamomile,Leaves,Herbal Tea,Illinois,Decaf,70,120,100,190,91,777,132,25,95,223,37,17%
216,8/2/11 0:00,Central,Major Market,Chamomile,Leaves,Herbal Tea,Ohio,Decaf,10,30,30,40,21,454,32,5,16,53,16,33%
719,8/3/11 0:00,Central,Major Market,Lemon,Leaves,Herbal Tea,Colorado,Decaf,40,70,20,110,52,433,73,47,-4,125,77,14%
224,8/4/11 0:00,Central,Major Market,Lemon,Leaves,Herbal Tea,Illinois,Decaf,60,90,60,150,78,593,100,25,62,178,38,19%
614,8/5/11 0:00,Central,Major Market,Lemon,Leaves,Herbal Tea,Ohio,Decaf,20,40,40,60,30,820,45,8,26,75,19,25%
719,8/6/11 0:00,Central,Major Market,Mint,Leaves,Herbal Tea,Colorado,Decaf,40,70,40,110,55,336,74,18,29,129,45,17%
618,8/7/11 0:00,Central,Major Market,Mint,Leaves,Herbal Tea,Illinois,Decaf,80,130,110,210,100,822,145,28,106,245,39,17%
305,8/8/11 0:00,East,Major Market,Chamomile,Leaves,Herbal Tea,Florida,Decaf,30,50,30,80,45,605,58,14,31,103,27,29%
305,8/9/11 0:00,East,Major Market,Lemon,Leaves,Herbal Tea,Florida,Decaf,40,50,20,90,57,313,70,21,15,127,55,41%
508,8/10/11 0:00,East,Major Market,Lemon,Leaves,Herbal Tea,Massachusetts,Decaf,40,50,20,90,54,337,67,20,13,121,54,34%
631,8/11/11 0:00,East,Major Market,Lemon,Leaves,Herbal Tea,New York,Decaf,190,300,200,490,260,"1,558",378,98,247,638,131,30%
754,8/12/11 0:00,East,Major Market,Mint,Leaves,Herbal Tea,Florida,Decaf,50,60,40,110,69,965,82,21,39,151,43,37%
718,8/13/11 0:00,East,Major Market,Mint,Leaves,Herbal Tea,New York,Decaf,150,-10,-70,140,209,"1,811",-20,64,-105,189,85,35%
817,8/14/11 0:00,South,Major Market,Chamomile,Leaves,Herbal Tea,Texas,Decaf,50,70,40,120,55,336,74,18,28,129,46,8%
325,8/15/11 0:00,South,Major Market,Lemon,Leaves,Herbal Tea,Texas,Decaf,40,60,30,100,43,363,64,13,27,107,37,7%
408,8/16/11 0:00,West,Major Market,Chamomile,Leaves,Herbal Tea,California,Decaf,80,130,110,210,100,822,145,28,106,245,39,17%
707,8/17/11 0:00,West,Major Market,Lemon,Leaves,Herbal Tea,California,Decaf,170,230,170,400,209,969,247,64,162,456,85,14%
805,8/18/11 0:00,West,Major Market,Mint,Leaves,Herbal Tea,California,Decaf,60,90,60,150,78,593,100,25,62,178,38,19%
303,8/19/11 0:00,Central,Major Market,Darjeeling,Leaves,Tea,Colorado,Regular,40,60,20,100,54,337,67,20,13,121,54,21%
815,8/20/11 0:00,Central,Major Market,Darjeeling,Leaves,Tea,Illinois,Regular,60,110,80,170,81,460,117,22,83,198,34,16%
740,8/21/11 0:00,Central,Major Market,Darjeeling,Leaves,Tea,Ohio,Regular,70,120,70,190,88,653,134,29,73,222,61,17%
719,8/22/11 0:00,Central,Major Market,Earl Grey,Leaves,Tea,Colorado,Regular,50,70,40,120,63,965,75,19,34,138,41,15%
630,8/23/11 0:00,Central,Major Market,Earl Grey,Leaves,Tea,Illinois,Regular,50,90,40,140,68,559,102,22,49,170,53,21%
937,8/24/11 0:00,Central,Major Market,Earl Grey,Leaves,Tea,Ohio,Regular,90,140,90,230,112,502,155,34,97,267,58,16%
303,8/25/11 0:00,Central,Major Market,Green Tea,Leaves,Tea,Colorado,Regular,30,60,40,90,46,608,60,15,32,106,28,18%
904,8/26/11 0:00,East,Major Market,Darjeeling,Leaves,Tea,Florida,Regular,30,60,50,90,34,821,51,9,30,85,21,-6%
781,8/27/11 0:00,East,Major Market,Darjeeling,Leaves,Tea,Massachusetts,Regular,30,50,40,80,30,820,45,8,26,75,19,-6%
585,8/28/11 0:00,East,Major Market,Darjeeling,Leaves,Tea,New York,Regular,100,160,130,260,100,822,145,28,105,245,40,-6%
631,8/29/11 0:00,East,Major Market,Earl Grey,Leaves,Tea,New York,Regular,90,150,120,240,91,777,132,25,95,223,37,-7%
754,8/30/11 0:00,East,Major Market,Green Tea,Leaves,Tea,Florida,Regular,50,80,60,130,49,779,72,13,47,121,25,-7%
781,8/31/11 0:00,East,Major Market,Green Tea,Leaves,Tea,Massachusetts,Regular,20,30,20,50,21,454,32,5,16,53,16,6%
212,9/1/11 0:00,East,Major Market,Green Tea,Leaves,Tea,New York,Regular,80,130,100,210,81,460,117,22,83,198,34,-6%
805,9/2/11 0:00,West,Major Market,Darjeeling,Leaves,Tea,California,Regular,60,90,80,150,91,777,132,25,96,223,36,49%
530,9/3/11 0:00,West,Major Market,Earl Grey,Leaves,Tea,California,Regular,50,80,70,130,81,460,117,22,83,198,34,52%
415,9/4/11 0:00,West,Major Market,Green Tea,Leaves,Tea,California,Regular,40,70,40,110,68,559,102,22,48,170,54,55%
319,9/5/11 0:00,Central,Small Market,Decaf Irish Cream,Beans,Coffee,Iowa,Decaf,20,30,20,50,21,614,28,6,9,49,19,-2%
660,9/6/11 0:00,Central,Small Market,Decaf Irish Cream,Beans,Coffee,Missouri,Decaf,80,90,50,170,76,965,91,23,47,167,44,-2%
414,9/7/11 0:00,Central,Small Market,Decaf Irish Cream,Beans,Coffee,Wisconsin,Decaf,80,120,80,200,83,433,112,27,58,195,54,-3%
712,9/8/11 0:00,Central,Small Market,Decaf Espresso,Beans,Espresso,Iowa,Decaf,0,50,40,50,0,688,43,0,32,43,11,-14%
573,9/9/11 0:00,Central,Small Market,Decaf Espresso,Beans,Espresso,Missouri,Decaf,50,80,60,130,45,777,67,12,44,112,23,-14%
715,9/10/11 0:00,Central,Small Market,Decaf Espresso,Beans,Espresso,Wisconsin,Decaf,50,70,50,120,45,605,58,14,32,103,26,-14%
475,9/11/11 0:00,East,Small Market,Decaf Espresso,Beans,Espresso,Connecticut,Decaf,40,70,40,110,51,311,68,16,24,119,44,8%
318,9/12/11 0:00,South,Small Market,Decaf Irish Cream,Beans,Coffee,Louisiana,Decaf,60,90,70,150,49,779,72,13,48,121,24,-19%
505,9/13/11 0:00,South,Small Market,Decaf Irish Cream,Beans,Coffee,New Mexico,Decaf,110,50,10,160,93,840,40,28,-11,133,51,-17%
405,9/14/11 0:00,South,Small Market,Decaf Irish Cream,Beans,Coffee,Oklahoma,Decaf,30,60,50,90,30,820,45,8,25,75,20,-17%
225,9/15/11 0:00,South,Small Market,Decaf Espresso,Beans,Espresso,Louisiana,Decaf,30,60,40,90,46,388,68,14,31,114,37,27%
505,9/16/11 0:00,South,Small Market,Decaf Espresso,Beans,Espresso,New Mexico,Decaf,30,40,10,70,37,195,51,12,12,88,39,26%
580,9/17/11 0:00,South,Small Market,Decaf Espresso,Beans,Espresso,Oklahoma,Decaf,70,120,80,190,88,653,134,29,74,222,60,17%
775,9/18/11 0:00,West,Small Market,Decaf Irish Cream,Beans,Coffee,Nevada,Decaf,30,40,20,70,28,964,33,8,4,61,29,-13%
503,9/19/11 0:00,West,Small Market,Decaf Irish Cream,Beans,Coffee,Oregon,Decaf,50,80,50,130,43,363,64,13,28,107,36,-18%
435,9/20/11 0:00,West,Small Market,Decaf Irish Cream,Beans,Coffee,Utah,Decaf,100,120,70,220,80,494,98,30,34,178,64,-19%
206,9/21/11 0:00,West,Small Market,Decaf Irish Cream,Beans,Coffee,Washington,Decaf,110,170,70,280,95,554,132,86,17,227,115,-19%
775,9/22/11 0:00,West,Small Market,Decaf Espresso,Beans,Espresso,Nevada,Decaf,10,30,20,40,17,776,26,4,10,43,16,8%
503,9/23/11 0:00,West,Small Market,Decaf Espresso,Beans,Espresso,Oregon,Decaf,150,160,100,310,162,"1,091",163,45,93,325,70,5%
435,9/24/11 0:00,West,Small Market,Decaf Espresso,Beans,Espresso,Utah,Decaf,40,70,50,110,47,821,68,13,43,115,25,5%
206,9/25/11 0:00,West,Small Market,Decaf Espresso,Beans,Espresso,Washington,Decaf,60,80,60,140,69,965,82,21,39,151,43,8%
515,9/26/11 0:00,Central,Small Market,Amaretto,Beans,Coffee,Iowa,Regular,20,20,10,40,19,820,28,5,11,47,17,18%
920,9/27/11 0:00,Central,Small Market,Amaretto,Beans,Coffee,Wisconsin,Regular,60,70,20,130,57,313,70,21,16,127,54,-2%
515,9/28/11 0:00,Central,Small Market,Colombian,Beans,Coffee,Iowa,Regular,20,40,20,60,28,964,33,8,3,61,30,2%
573,9/29/11 0:00,Central,Small Market,Colombian,Beans,Coffee,Missouri,Regular,80,100,50,180,80,494,98,30,35,178,63,-1%
715,9/30/11 0:00,Central,Small Market,Colombian,Beans,Coffee,Wisconsin,Regular,100,130,30,230,95,554,132,86,17,227,115,-1%
563,10/1/11 0:00,Central,Small Market,Caffe Mocha,Beans,Espresso,Iowa,Regular,10,40,30,50,17,776,26,4,10,43,16,-14%
660,10/2/11 0:00,Central,Small Market,Caffe Mocha,Beans,Espresso,Missouri,Regular,50,80,60,130,47,821,68,13,43,115,25,-12%
715,10/3/11 0:00,Central,Small Market,Caffe Mocha,Beans,Espresso,Wisconsin,Regular,80,90,50,170,69,965,82,21,39,151,43,-11%
603,10/4/11 0:00,East,Small Market,Amaretto,Beans,Coffee,New Hampshire,Regular,40,70,40,110,49,241,72,15,33,121,39,10%
203,10/5/11 0:00,East,Small Market,Colombian,Beans,Coffee,Connecticut,Regular,110,160,110,270,116,962,176,38,107,292,69,8%
603,10/6/11 0:00,East,Small Market,Colombian,Beans,Coffee,New Hampshire,Regular,40,70,40,110,50,372,75,16,27,125,48,14%
860,10/7/11 0:00,East,Small Market,Caffe Mocha,Beans,Espresso,Connecticut,Regular,60,80,10,140,63,521,87,57,0,150,87,7%
603,10/8/11 0:00,East,Small Market,Caffe Mocha,Beans,Espresso,New Hampshire,Regular,40,60,10,100,44,261,63,40,-6,107,69,7%
603,10/9/11 0:00,East,Small Market,Regular Espresso,Beans,Espresso,New Hampshire,Regular,20,40,0,60,29,169,36,11,-9,65,45,8%
504,10/10/11 0:00,South,Small Market,Colombian,Beans,Coffee,Louisiana,Regular,40,60,50,100,35,776,51,9,30,86,21,-14%
505,10/11/11 0:00,South,Small Market,Colombian,Beans,Coffee,New Mexico,Regular,60,90,50,150,50,372,75,16,27,125,48,-17%
405,10/12/11 0:00,South,Small Market,Colombian,Beans,Coffee,Oklahoma,Regular,50,80,60,130,46,608,60,15,33,106,27,-18%
985,10/13/11 0:00,South,Small Market,Caffe Latte,Beans,Espresso,Louisiana,Regular,50,70,0,120,63,37,87,57,1,150,86,25%
505,10/14/11 0:00,South,Small Market,Caffe Latte,Beans,Espresso,New Mexico,Regular,20,30,0,50,29,-39,36,11,-9,65,45,30%
918,10/15/11 0:00,South,Small Market,Caffe Latte,Beans,Espresso,Oklahoma,Regular,90,130,90,220,112,-120,155,34,98,267,57,21%
225,10/16/11 0:00,South,Small Market,Caffe Mocha,Beans,Espresso,Louisiana,Regular,40,70,50,110,49,342,84,15,45,133,39,21%
505,10/17/11 0:00,South,Small Market,Caffe Mocha,Beans,Espresso,New Mexico,Regular,30,60,10,90,44,261,63,40,-6,107,69,19%
580,10/18/11 0:00,South,Small Market,Caffe Mocha,Beans,Espresso,Oklahoma,Regular,10,30,30,40,21,454,32,5,16,53,16,33%
971,10/19/11 0:00,West,Small Market,Amaretto,Beans,Coffee,Oregon,Regular,60,90,30,150,52,433,73,47,-3,125,76,-17%
435,10/20/11 0:00,West,Small Market,Amaretto,Beans,Coffee,Utah,Regular,90,110,70,200,76,965,91,23,47,167,44,-17%
775,10/21/11 0:00,West,Small Market,Colombian,Beans,Coffee,Nevada,Regular,40,50,10,90,35,197,44,13,-2,79,46,-12%
503,10/22/11 0:00,West,Small Market,Colombian,Beans,Coffee,Oregon,Regular,60,80,30,140,49,399,70,16,8,119,62,-15%
435,10/23/11 0:00,West,Small Market,Colombian,Beans,Coffee,Utah,Regular,60,80,50,140,51,311,68,16,25,119,43,-15%
509,10/24/11 0:00,West,Small Market,Colombian,Beans,Coffee,Washington,Regular,80,130,90,210,69,340,100,22,54,169,46,-20%
775,10/25/11 0:00,West,Small Market,Caffe Latte,Beans,Espresso,Nevada,Regular,0,40,30,40,0,688,43,0,32,43,11,8%
541,10/26/11 0:00,West,Small Market,Caffe Latte,Beans,Espresso,Oregon,Regular,50,60,20,110,54,337,67,20,13,121,54,10%
435,10/27/11 0:00,West,Small Market,Caffe Latte,Beans,Espresso,Utah,Regular,40,60,40,100,45,777,67,12,43,112,24,12%
206,10/28/11 0:00,West,Small Market,Caffe Latte,Beans,Espresso,Washington,Regular,40,50,30,90,45,605,58,14,32,103,26,14%
702,10/29/11 0:00,West,Small Market,Caffe Mocha,Beans,Espresso,Nevada,Regular,10,30,20,40,19,820,28,5,11,47,17,18%
971,10/30/11 0:00,West,Small Market,Caffe Mocha,Beans,Espresso,Oregon,Regular,50,70,40,120,55,336,74,18,28,129,46,8%
801,10/31/11 0:00,West,Small Market,Caffe Mocha,Beans,Espresso,Utah,Regular,40,70,50,110,52,605,67,17,37,119,30,8%
253,11/1/11 0:00,West,Small Market,Caffe Mocha,Beans,Espresso,Washington,Regular,50,70,30,120,57,313,70,21,15,127,55,6%
563,11/2/11 0:00,Central,Small Market,Chamomile,Leaves,Herbal Tea,Iowa,Decaf,210,300,210,510,252,"1,316",335,83,220,587,115,15%
314,11/3/11 0:00,Central,Small Market,Chamomile,Leaves,Herbal Tea,Missouri,Decaf,30,60,10,90,44,261,63,40,-6,107,69,19%
262,11/4/11 0:00,Central,Small Market,Chamomile,Leaves,Herbal Tea,Wisconsin,Decaf,40,70,50,110,49,342,84,15,46,133,38,21%
319,11/5/11 0:00,Central,Small Market,Lemon,Leaves,Herbal Tea,Iowa,Decaf,100,160,120,260,123,611,178,39,115,301,63,16%
660,11/6/11 0:00,Central,Small Market,Lemon,Leaves,Herbal Tea,Missouri,Decaf,70,40,10,110,93,840,40,28,-12,133,52,21%
608,11/7/11 0:00,Central,Small Market,Lemon,Leaves,Herbal Tea,Wisconsin,Decaf,40,60,50,100,49,779,72,13,47,121,25,21%
959,11/8/11 0:00,East,Small Market,Lemon,Leaves,Herbal Tea,Connecticut,Decaf,60,70,30,130,80,494,98,30,34,178,64,37%
603,11/9/11 0:00,East,Small Market,Lemon,Leaves,Herbal Tea,New Hampshire,Decaf,20,40,10,60,35,197,44,13,-3,79,47,32%
860,11/10/11 0:00,East,Small Market,Mint,Leaves,Herbal Tea,Connecticut,Decaf,50,80,60,130,76,965,91,23,46,167,45,28%
985,11/11/11 0:00,South,Small Market,Chamomile,Leaves,Herbal Tea,Louisiana,Decaf,40,70,50,110,52,605,67,17,38,119,29,8%
505,11/12/11 0:00,South,Small Market,Chamomile,Leaves,Herbal Tea,New Mexico,Decaf,10,30,20,40,19,820,28,5,12,47,16,18%
580,11/13/11 0:00,South,Small Market,Chamomile,Leaves,Herbal Tea,Oklahoma,Decaf,50,70,30,120,57,313,70,21,15,127,55,6%
337,11/14/11 0:00,South,Small Market,Lemon,Leaves,Herbal Tea,Louisiana,Decaf,70,100,50,170,80,494,98,30,35,178,63,5%
505,11/15/11 0:00,South,Small Market,Lemon,Leaves,Herbal Tea,New Mexico,Decaf,20,30,10,50,28,964,33,8,3,61,30,22%
405,11/16/11 0:00,South,Small Market,Lemon,Leaves,Herbal Tea,Oklahoma,Decaf,90,130,30,220,95,554,132,86,16,227,116,3%
775,11/17/11 0:00,West,Small Market,Chamomile,Leaves,Herbal Tea,Nevada,Decaf,100,160,50,260,125,729,173,113,27,298,146,15%
971,11/18/11 0:00,West,Small Market,Chamomile,Leaves,Herbal Tea,Oregon,Decaf,30,40,40,70,35,777,52,9,31,87,21,24%
435,11/19/11 0:00,West,Small Market,Chamomile,Leaves,Herbal Tea,Utah,Decaf,40,60,30,100,49,241,72,15,34,121,38,21%
253,11/20/11 0:00,West,Small Market,Chamomile,Leaves,Herbal Tea,Washington,Decaf,90,160,110,250,116,962,176,38,106,292,70,17%
775,11/21/11 0:00,West,Small Market,Lemon,Leaves,Herbal Tea,Nevada,Decaf,160,240,160,400,191,865,265,63,156,456,109,14%
971,11/22/11 0:00,West,Small Market,Lemon,Leaves,Herbal Tea,Oregon,Decaf,30,60,40,90,46,608,60,15,32,106,28,18%
435,11/23/11 0:00,West,Small Market,Lemon,Leaves,Herbal Tea,Utah,Decaf,40,70,40,110,50,372,75,16,28,125,47,14%
509,11/24/11 0:00,West,Small Market,Lemon,Leaves,Herbal Tea,Washington,Decaf,30,40,40,70,35,776,51,9,30,86,21,23%
702,11/25/11 0:00,West,Small Market,Mint,Leaves,Herbal Tea,Nevada,Decaf,100,160,110,260,123,611,178,39,115,301,63,16%
435,11/26/11 0:00,West,Small Market,Mint,Leaves,Herbal Tea,Utah,Decaf,70,40,0,110,93,840,40,28,-11,133,51,21%
319,11/27/11 0:00,Central,Small Market,Darjeeling,Leaves,Tea,Iowa,Regular,200,220,140,420,239,"1,464",239,66,148,478,91,14%
636,11/28/11 0:00,Central,Small Market,Darjeeling,Leaves,Tea,Missouri,Regular,30,40,10,70,37,195,51,12,11,88,40,26%
262,11/29/11 0:00,Central,Small Market,Darjeeling,Leaves,Tea,Wisconsin,Regular,30,70,40,100,46,388,68,14,31,114,37,14%
515,11/30/11 0:00,Central,Small Market,Earl Grey,Leaves,Tea,Iowa,Regular,220,280,160,500,260,"1,423",318,98,186,578,132,16%
314,12/1/11 0:00,Central,Small Market,Earl Grey,Leaves,Tea,Missouri,Regular,20,30,-10,50,29,169,36,11,-9,65,45,30%
414,12/2/11 0:00,Central,Small Market,Earl Grey,Leaves,Tea,Wisconsin,Regular,50,80,10,130,63,521,87,57,1,150,86,15%
573,12/3/11 0:00,Central,Small Market,Green Tea,Leaves,Tea,Missouri,Regular,30,30,-10,60,35,197,44,13,-2,79,46,32%
203,12/4/11 0:00,East,Small Market,Darjeeling,Leaves,Tea,Connecticut,Regular,40,80,60,120,47,821,68,13,43,115,25,-4%
603,12/5/11 0:00,East,Small Market,Darjeeling,Leaves,Tea,New Hampshire,Regular,20,30,20,50,19,820,28,5,12,47,16,-6%
475,12/6/11 0:00,East,Small Market,Green Tea,Leaves,Tea,Connecticut,Regular,20,40,30,60,25,775,37,7,18,62,19,3%
603,12/7/11 0:00,East,Small Market,Green Tea,Leaves,Tea,New Hampshire,Regular,0,40,30,40,0,688,43,0,32,43,11,8%
702,12/8/11 0:00,West,Small Market,Darjeeling,Leaves,Tea,Nevada,Regular,160,230,160,390,252,"1,316",335,83,219,587,116,51%
503,12/9/11 0:00,West,Small Market,Darjeeling,Leaves,Tea,Oregon,Regular,10,20,20,30,21,454,32,5,15,53,17,77%
435,12/10/11 0:00,West,Small Market,Darjeeling,Leaves,Tea,Utah,Regular,20,50,10,70,44,261,63,40,-6,107,69,53%
253,12/11/11 0:00,West,Small Market,Darjeeling,Leaves,Tea,Washington,Regular,30,60,40,90,49,342,84,15,45,133,39,48%
775,12/12/11 0:00,West,Small Market,Earl Grey,Leaves,Tea,Nevada,Regular,150,170,110,320,239,"1,464",239,66,149,478,90,49%
541,12/13/11 0:00,West,Small Market,Earl Grey,Leaves,Tea,Oregon,Regular,50,100,70,150,88,653,134,29,73,222,61,48%
435,12/14/11 0:00,West,Small Market,Earl Grey,Leaves,Tea,Utah,Regular,20,30,10,50,37,195,51,12,11,88,40,76%
253,12/15/11 0:00,West,Small Market,Earl Grey,Leaves,Tea,Washington,Regular,30,40,20,70,46,388,68,14,30,114,38,63%
702,12/16/11 0:00,West,Small Market,Green Tea,Leaves,Tea,Nevada,Regular,170,-170,-250,0,260,"3,049",-260,98,-365,26,131,
971,12/17/11 0:00,West,Small Market,Green Tea,Leaves,Tea,Oregon,Regular,70,110,70,180,112,502,155,34,98,267,57,48%
435,12/18/11 0:00,West,Small Market,Green Tea,Leaves,Tea,Utah,Regular,10,30,10,40,29,169,36,11,-8,65,44,63%
253,12/19/11 0:00,West,Small Market,Green Tea,Leaves,Tea,Washington,Regular,40,60,10,100,63,521,87,57,0,150,87,50%
720,12/20/11 0:00,Central,Major Market,Decaf Irish Cream,Beans,Coffee,Colorado,Decaf,110,150,120,260,104,871,152,29,112,256,40,-2%
618,12/21/11 0:00,Central,Major Market,Decaf Irish Cream,Beans,Coffee,Illinois,Decaf,130,190,140,320,127,671,185,40,122,312,63,-3%
440,12/22/11 0:00,Central,Major Market,Decaf Irish Cream,Beans,Coffee,Ohio,Decaf,50,80,20,130,53,458,75,48,-2,128,77,-2%
303,12/23/11 0:00,Central,Major Market,Decaf Espresso,Beans,Espresso,Colorado,Decaf,70,110,60,180,64,593,96,21,44,160,52,-11%
630,12/24/11 0:00,Central,Major Market,Decaf Espresso,Beans,Espresso,Illinois,Decaf,300,310,210,610,260,"1,559",261,72,165,521,96,-15%
740,12/25/11 0:00,Central,Major Market,Decaf Espresso,Beans,Espresso,Ohio,Decaf,60,70,20,130,53,361,65,20,11,118,54,-9%
321,12/26/11 0:00,East,Major Market,Decaf Irish Cream,Beans,Coffee,Florida,Decaf,100,150,100,250,114,555,159,35,100,273,59,9%
863,12/27/11 0:00,East,Major Market,Decaf Espresso,Beans,Espresso,Florida,Decaf,80,110,70,190,87,472,117,28,62,204,55,7%
956,12/28/11 0:00,South,Major Market,Decaf Irish Cream,Beans,Coffee,Texas,Decaf,100,130,100,230,83,584,107,27,68,190,39,-17%
430,12/29/11 0:00,South,Major Market,Decaf Espresso,Beans,Espresso,Texas,Decaf,70,110,90,180,86,499,124,24,88,210,36,17%
714,12/30/11 0:00,West,Major Market,Decaf Irish Cream,Beans,Coffee,California,Decaf,240,-40,-140,200,195,"1,952",-32,64,-142,163,110,-19%
626,12/31/11 0:00,West,Major Market,Decaf Espresso,Beans,Espresso,California,Decaf,250,330,220,580,263,"1,433",349,86,230,612,119,6%
720,1/1/12 0:00,Central,Major Market,Amaretto,Beans,Coffee,Colorado,Regular,110,150,120,260,104,821,152,29,111,256,41,-2%
330,1/2/12 0:00,Central,Major Market,Amaretto,Beans,Coffee,Ohio,Regular,50,70,40,120,52,361,71,17,27,123,44,2%
303,1/3/12 0:00,Central,Major Market,Colombian,Beans,Coffee,Colorado,Regular,80,110,80,190,83,584,107,27,68,190,39,0%
630,1/4/12 0:00,Central,Major Market,Colombian,Beans,Coffee,Illinois,Regular,200,280,180,480,195,956,270,64,161,465,109,-3%
513,1/5/12 0:00,Central,Major Market,Colombian,Beans,Coffee,Ohio,Regular,40,60,30,100,42,384,61,13,24,103,37,3%
303,1/6/12 0:00,Central,Major Market,Caffe Mocha,Beans,Espresso,Colorado,Regular,90,150,120,240,86,499,124,24,88,210,36,-13%
773,1/7/12 0:00,Central,Major Market,Caffe Mocha,Beans,Espresso,Illinois,Regular,300,420,300,720,263,"1,433",349,86,230,612,119,-15%
740,1/8/12 0:00,Central,Major Market,Caffe Mocha,Beans,Espresso,Ohio,Regular,170,180,120,350,149,"1,156",149,41,84,298,65,-15%
904,1/9/12 0:00,East,Major Market,Colombian,Beans,Coffee,Florida,Regular,90,130,90,220,94,697,141,31,78,235,63,7%
978,1/10/12 0:00,East,Major Market,Colombian,Beans,Coffee,Massachusetts,Regular,60,460,430,520,64,-663,487,21,434,551,53,6%
585,1/11/12 0:00,East,Major Market,Colombian,Beans,Coffee,New York,Regular,280,430,300,710,302,"2,250",454,105,295,756,159,6%
786,1/12/12 0:00,East,Major Market,Caffe Mocha,Beans,Espresso,Florida,Regular,80,130,40,210,92,599,129,83,17,221,112,5%
413,1/13/12 0:00,East,Major Market,Caffe Mocha,Beans,Espresso,Massachusetts,Regular,50,60,0,110,53,491,61,48,-16,114,77,4%
646,1/14/12 0:00,East,Major Market,Caffe Mocha,Beans,Espresso,New York,Regular,110,-50,-180,60,121,"1,673",-52,109,-195,69,143,15%
339,1/15/12 0:00,East,Major Market,Regular Espresso,Beans,Espresso,Massachusetts,Regular,140,150,100,290,149,"1,156",149,41,84,298,65,3%
212,1/16/12 0:00,East,Major Market,Regular Espresso,Beans,Espresso,New York,Regular,240,290,210,530,260,"1,271",283,72,187,543,96,2%
430,1/17/12 0:00,South,Major Market,Colombian,Beans,Coffee,Texas,Regular,290,350,270,640,235,"1,060",277,72,183,512,94,-20%
254,1/18/12 0:00,South,Major Market,Caffe Latte,Beans,Espresso,Texas,Regular,50,80,50,130,64,-161,96,21,44,160,52,23%
254,1/19/12 0:00,South,Major Market,Caffe Mocha,Beans,Espresso,Texas,Regular,80,140,120,220,104,821,152,29,112,256,40,16%
209,1/20/12 0:00,West,Major Market,Amaretto,Beans,Coffee,California,Regular,160,-30,-80,130,127,"1,215",-21,40,-84,106,63,-18%
650,1/21/12 0:00,West,Major Market,Colombian,Beans,Coffee,California,Regular,380,560,410,940,302,"2,250",454,105,295,756,159,-20%
415,1/22/12 0:00,West,Major Market,Caffe Latte,Beans,Espresso,California,Regular,240,260,180,500,260,"1,559",261,72,165,521,96,4%
209,1/23/12 0:00,West,Major Market,Caffe Mocha,Beans,Espresso,California,Regular,110,160,30,270,121,788,168,109,25,289,143,7%
970,1/24/12 0:00,Central,Major Market,Chamomile,Leaves,Herbal Tea,Colorado,Decaf,120,140,90,260,149,"1,156",149,41,83,298,66,15%
773,1/25/12 0:00,Central,Major Market,Chamomile,Leaves,Herbal Tea,Illinois,Decaf,80,140,120,220,104,821,152,29,112,256,40,16%
419,1/26/12 0:00,Central,Major Market,Chamomile,Leaves,Herbal Tea,Ohio,Decaf,10,30,30,40,20,464,29,5,12,49,17,23%
720,1/27/12 0:00,Central,Major Market,Lemon,Leaves,Herbal Tea,Colorado,Decaf,40,70,10,110,53,458,75,48,-3,128,78,16%
217,1/28/12 0:00,Central,Major Market,Lemon,Leaves,Herbal Tea,Illinois,Decaf,70,90,60,160,83,584,107,27,68,190,39,19%
567,1/29/12 0:00,Central,Major Market,Lemon,Leaves,Herbal Tea,Ohio,Decaf,20,40,40,60,29,835,42,8,23,71,19,18%
719,1/30/12 0:00,Central,Major Market,Mint,Leaves,Herbal Tea,Colorado,Decaf,40,60,30,100,52,361,71,17,26,123,45,23%
773,1/31/12 0:00,Central,Major Market,Mint,Leaves,Herbal Tea,Illinois,Decaf,80,140,120,220,104,871,152,29,112,256,40,16%
941,2/1/12 0:00,East,Major Market,Chamomile,Leaves,Herbal Tea,Florida,Decaf,30,50,30,80,48,599,62,15,35,110,27,38%
305,2/2/12 0:00,East,Major Market,Lemon,Leaves,Herbal Tea,Florida,Decaf,40,60,30,100,58,338,72,22,17,130,55,30%
857,2/3/12 0:00,East,Major Market,Lemon,Leaves,Herbal Tea,Massachusetts,Decaf,40,50,20,90,53,361,65,20,12,118,53,31%
315,2/4/12 0:00,East,Major Market,Lemon,Leaves,Herbal Tea,New York,Decaf,200,300,200,500,265,"1,613",386,100,252,651,134,30%
239,2/5/12 0:00,East,Major Market,Mint,Leaves,Herbal Tea,Florida,Decaf,50,80,50,130,78,995,92,24,47,170,45,31%
315,2/6/12 0:00,East,Major Market,Mint,Leaves,Herbal Tea,New York,Decaf,170,-20,-90,150,235,"2,169",-37,72,-131,198,94,32%
915,2/7/12 0:00,South,Major Market,Chamomile,Leaves,Herbal Tea,Texas,Decaf,40,80,50,120,52,361,71,17,27,123,44,2%
512,2/8/12 0:00,South,Major Market,Lemon,Leaves,Herbal Tea,Texas,Decaf,40,60,30,100,42,384,61,13,25,103,36,3%
760,2/9/12 0:00,West,Major Market,Chamomile,Leaves,Herbal Tea,California,Decaf,80,140,120,220,104,871,152,29,111,256,41,16%
805,2/10/12 0:00,West,Major Market,Lemon,Leaves,Herbal Tea,California,Decaf,200,250,180,450,235,"1,060",277,72,183,512,94,14%
805,2/11/12 0:00,West,Major Market,Mint,Leaves,Herbal Tea,California,Decaf,70,90,60,160,83,584,107,27,67,190,40,19%
720,2/12/12 0:00,Central,Major Market,Darjeeling,Leaves,Tea,Colorado,Regular,40,60,20,100,53,361,65,20,12,118,53,18%
847,2/13/12 0:00,Central,Major Market,Darjeeling,Leaves,Tea,Illinois,Regular,70,110,80,180,86,499,124,24,88,210,36,17%
234,2/14/12 0:00,Central,Major Market,Darjeeling,Leaves,Tea,Ohio,Regular,80,120,70,200,94,697,141,31,79,235,62,18%
303,2/15/12 0:00,Central,Major Market,Earl Grey,Leaves,Tea,Colorado,Regular,40,60,30,100,56,992,66,17,27,122,39,22%
815,2/16/12 0:00,Central,Major Market,Earl Grey,Leaves,Tea,Illinois,Regular,50,90,50,140,64,593,96,21,44,160,52,14%
513,2/17/12 0:00,Central,Major Market,Earl Grey,Leaves,Tea,Ohio,Regular,90,150,100,240,114,555,159,35,101,273,58,14%
719,2/18/12 0:00,Central,Major Market,Green Tea,Leaves,Tea,Colorado,Regular,30,50,30,80,43,602,56,14,30,99,26,24%
352,2/19/12 0:00,East,Major Market,Darjeeling,Leaves,Tea,Florida,Regular,30,60,40,90,36,838,53,10,32,89,21,-1%
857,2/20/12 0:00,East,Major Market,Darjeeling,Leaves,Tea,Massachusetts,Regular,30,40,30,70,29,835,42,8,22,71,20,1%
518,2/21/12 0:00,East,Major Market,Darjeeling,Leaves,Tea,New York,Regular,110,160,120,270,104,871,152,29,112,256,40,-5%
716,2/22/12 0:00,East,Major Market,Earl Grey,Leaves,Tea,New York,Regular,110,160,120,270,104,821,152,29,111,256,41,-5%
239,2/23/12 0:00,East,Major Market,Green Tea,Leaves,Tea,Florida,Regular,50,90,70,140,53,803,77,14,52,130,25,-7%
413,2/24/12 0:00,East,Major Market,Green Tea,Leaves,Tea,Massachusetts,Regular,20,30,20,50,20,464,29,5,12,49,17,-2%
516,2/25/12 0:00,East,Major Market,Green Tea,Leaves,Tea,New York,Regular,90,130,100,220,86,499,124,24,89,210,35,-5%
310,2/26/12 0:00,West,Major Market,Darjeeling,Leaves,Tea,California,Regular,60,110,100,170,104,821,152,29,111,256,41,51%
530,2/27/12 0:00,West,Major Market,Earl Grey,Leaves,Tea,California,Regular,50,90,80,140,86,499,124,24,89,210,35,50%
714,2/28/12 0:00,West,Major Market,Green Tea,Leaves,Tea,California,Regular,40,60,30,100,64,593,96,21,43,160,53,60%
515,2/29/12 0:00,Central,Small Market,Decaf Irish Cream,Beans,Coffee,Iowa,Decaf,20,30,20,50,22,611,30,7,11,52,19,4%
660,3/1/12 0:00,Central,Small Market,Decaf Irish Cream,Beans,Coffee,Missouri,Decaf,70,80,40,150,68,998,80,21,38,148,42,-1%
715,3/2/12 0:00,Central,Small Market,Decaf Irish Cream,Beans,Coffee,Wisconsin,Decaf,90,120,80,210,87,472,117,28,62,204,55,-3%
515,3/3/12 0:00,Central,Small Market,Decaf Espresso,Beans,Espresso,Iowa,Decaf,0,50,40,50,0,645,43,0,31,43,12,-14%
816,3/4/12 0:00,Central,Small Market,Decaf Espresso,Beans,Espresso,Missouri,Decaf,40,70,50,110,39,799,58,10,36,97,22,-12%
262,3/5/12 0:00,Central,Small Market,Decaf Espresso,Beans,Espresso,Wisconsin,Decaf,50,70,50,120,48,599,62,15,35,110,27,-8%
203,3/6/12 0:00,East,Small Market,Decaf Espresso,Beans,Espresso,Connecticut,Decaf,40,70,40,110,48,334,65,15,22,113,43,3%
318,3/7/12 0:00,South,Small Market,Decaf Irish Cream,Beans,Coffee,Louisiana,Decaf,60,100,80,160,53,803,77,14,52,130,25,-19%
505,3/8/12 0:00,South,Small Market,Decaf Irish Cream,Beans,Coffee,New Mexico,Decaf,120,50,10,170,98,973,38,30,-15,136,53,-20%
405,3/9/12 0:00,South,Small Market,Decaf Irish Cream,Beans,Coffee,Oklahoma,Decaf,30,50,40,80,29,835,42,8,22,71,20,-11%
318,3/10/12 0:00,South,Small Market,Decaf Espresso,Beans,Espresso,Louisiana,Decaf,30,60,40,90,45,410,65,14,28,110,37,22%
505,3/11/12 0:00,South,Small Market,Decaf Espresso,Beans,Espresso,New Mexico,Decaf,30,40,10,70,39,212,53,12,14,92,39,31%
405,3/12/12 0:00,South,Small Market,Decaf Espresso,Beans,Espresso,Oklahoma,Decaf,80,120,80,200,94,697,141,31,79,235,62,18%
775,3/13/12 0:00,West,Small Market,Decaf Irish Cream,Beans,Coffee,Nevada,Decaf,30,50,30,80,31,976,37,9,6,68,31,-15%
971,3/14/12 0:00,West,Small Market,Decaf Irish Cream,Beans,Coffee,Oregon,Decaf,50,70,40,120,42,384,61,13,25,103,36,-14%
435,3/15/12 0:00,West,Small Market,Decaf Irish Cream,Beans,Coffee,Utah,Decaf,90,120,70,210,77,529,96,29,34,173,62,-18%
253,3/16/12 0:00,West,Small Market,Decaf Irish Cream,Beans,Coffee,Washington,Decaf,110,160,60,270,92,599,129,83,16,221,113,-18%
775,3/17/12 0:00,West,Small Market,Decaf Espresso,Beans,Espresso,Nevada,Decaf,10,30,20,40,20,784,29,5,13,49,16,23%
541,3/18/12 0:00,West,Small Market,Decaf Espresso,Beans,Espresso,Oregon,Decaf,140,140,90,280,149,"1,156",149,41,83,298,66,6%
435,3/19/12 0:00,West,Small Market,Decaf Espresso,Beans,Espresso,Utah,Decaf,40,60,40,100,44,844,65,12,42,109,23,9%
206,3/20/12 0:00,West,Small Market,Decaf Espresso,Beans,Espresso,Washington,Decaf,70,90,60,160,78,995,92,24,47,170,45,6%
712,3/21/12 0:00,Central,Small Market,Amaretto,Beans,Coffee,Iowa,Regular,20,30,20,50,20,829,29,5,12,49,17,-2%
262,3/22/12 0:00,Central,Small Market,Amaretto,Beans,Coffee,Wisconsin,Regular,60,70,20,130,58,338,72,22,17,130,55,0%
515,3/23/12 0:00,Central,Small Market,Colombian,Beans,Coffee,Iowa,Regular,30,40,20,70,31,976,37,9,7,68,30,-3%
573,3/24/12 0:00,Central,Small Market,Colombian,Beans,Coffee,Missouri,Regular,80,100,50,180,77,529,96,29,33,173,63,-4%
262,3/25/12 0:00,Central,Small Market,Colombian,Beans,Coffee,Wisconsin,Regular,90,140,40,230,92,599,129,83,17,221,112,-4%
319,3/26/12 0:00,Central,Small Market,Caffe Mocha,Beans,Espresso,Iowa,Regular,20,30,20,50,20,784,29,5,12,49,17,-2%
636,3/27/12 0:00,Central,Small Market,Caffe Mocha,Beans,Espresso,Missouri,Regular,50,70,50,120,44,844,65,12,41,109,24,-9%
608,3/28/12 0:00,Central,Small Market,Caffe Mocha,Beans,Espresso,Wisconsin,Regular,90,110,70,200,78,995,92,24,47,170,45,-15%
603,3/29/12 0:00,East,Small Market,Amaretto,Beans,Coffee,New Hampshire,Regular,40,70,40,110,51,265,74,16,35,125,39,14%
959,3/30/12 0:00,East,Small Market,Colombian,Beans,Coffee,Connecticut,Regular,100,160,110,260,110,"1,020",165,36,98,275,67,6%
603,3/31/12 0:00,East,Small Market,Colombian,Beans,Coffee,New Hampshire,Regular,40,80,50,120,52,397,80,17,31,132,49,10%
475,4/1/12 0:00,East,Small Market,Caffe Mocha,Beans,Espresso,Connecticut,Regular,60,90,20,150,64,551,90,58,3,154,87,3%
603,4/2/12 0:00,East,Small Market,Caffe Mocha,Beans,Espresso,New Hampshire,Regular,40,60,10,100,43,282,61,39,-7,104,68,4%
603,4/3/12 0:00,East,Small Market,Regular Espresso,Beans,Espresso,New Hampshire,Regular,30,40,0,70,34,182,42,12,-3,76,45,9%
318,4/4/12 0:00,South,Small Market,Colombian,Beans,Coffee,Louisiana,Regular,50,70,50,120,40,793,59,11,36,99,23,-18%
505,4/5/12 0:00,South,Small Market,Colombian,Beans,Coffee,New Mexico,Regular,60,100,60,160,52,397,80,17,31,132,49,-18%
580,4/6/12 0:00,South,Small Market,Colombian,Beans,Coffee,Oklahoma,Regular,50,70,50,120,43,602,56,14,30,99,26,-18%
985,4/7/12 0:00,South,Small Market,Caffe Latte,Beans,Espresso,Louisiana,Regular,50,80,10,130,64,-113,90,58,3,154,87,18%
505,4/8/12 0:00,South,Small Market,Caffe Latte,Beans,Espresso,New Mexico,Regular,20,40,10,60,34,-104,42,12,-4,76,46,27%
918,4/9/12 0:00,South,Small Market,Caffe Latte,Beans,Espresso,Oklahoma,Regular,90,140,100,230,114,-387,159,35,101,273,58,19%
225,4/10/12 0:00,South,Small Market,Caffe Mocha,Beans,Espresso,Louisiana,Regular,40,70,50,110,48,351,82,14,44,130,38,18%
505,4/11/12 0:00,South,Small Market,Caffe Mocha,Beans,Espresso,New Mexico,Regular,30,50,0,80,43,282,61,39,-7,104,68,30%
405,4/12/12 0:00,South,Small Market,Caffe Mocha,Beans,Espresso,Oklahoma,Regular,10,30,30,40,20,464,29,5,13,49,16,23%
503,4/13/12 0:00,West,Small Market,Amaretto,Beans,Coffee,Oregon,Regular,60,100,40,160,53,458,75,48,-2,128,77,-20%
435,4/14/12 0:00,West,Small Market,Amaretto,Beans,Coffee,Utah,Regular,80,100,60,180,68,998,80,21,38,148,42,-18%
702,4/15/12 0:00,West,Small Market,Colombian,Beans,Coffee,Nevada,Regular,40,60,20,100,36,212,45,13,-1,81,46,-19%
971,4/16/12 0:00,West,Small Market,Colombian,Beans,Coffee,Oregon,Regular,60,80,30,140,48,422,68,15,8,116,60,-17%
435,4/17/12 0:00,West,Small Market,Colombian,Beans,Coffee,Utah,Regular,60,80,50,140,48,334,65,15,22,113,43,-19%
253,4/18/12 0:00,West,Small Market,Colombian,Beans,Coffee,Washington,Regular,80,130,90,210,71,373,104,22,58,175,46,-17%
775,4/19/12 0:00,West,Small Market,Caffe Latte,Beans,Espresso,Nevada,Regular,0,40,30,40,0,645,43,0,31,43,12,8%
541,4/20/12 0:00,West,Small Market,Caffe Latte,Beans,Espresso,Oregon,Regular,50,60,20,110,53,361,65,20,11,118,54,7%
435,4/21/12 0:00,West,Small Market,Caffe Latte,Beans,Espresso,Utah,Regular,30,60,50,90,39,799,58,10,36,97,22,8%
206,4/22/12 0:00,West,Small Market,Caffe Latte,Beans,Espresso,Washington,Regular,40,60,40,100,48,599,62,15,34,110,28,10%
775,4/23/12 0:00,West,Small Market,Caffe Mocha,Beans,Espresso,Nevada,Regular,10,30,20,40,20,829,29,5,13,49,16,23%
541,4/24/12 0:00,West,Small Market,Caffe Mocha,Beans,Espresso,Oregon,Regular,40,70,40,110,52,361,71,17,27,123,44,12%
435,4/25/12 0:00,West,Small Market,Caffe Mocha,Beans,Espresso,Utah,Regular,40,60,40,100,48,599,63,15,36,111,27,11%
206,4/26/12 0:00,West,Small Market,Caffe Mocha,Beans,Espresso,Washington,Regular,50,70,20,120,58,338,72,22,16,130,56,8%
563,4/27/12 0:00,Central,Small Market,Chamomile,Leaves,Herbal Tea,Iowa,Decaf,220,310,220,530,263,"1,433",349,86,231,612,118,15%
417,4/28/12 0:00,Central,Small Market,Chamomile,Leaves,Herbal Tea,Missouri,Decaf,30,60,10,90,43,282,61,39,-8,104,69,16%
715,4/29/12 0:00,Central,Small Market,Chamomile,Leaves,Herbal Tea,Wisconsin,Decaf,40,70,50,110,48,351,82,14,45,130,37,18%
515,4/30/12 0:00,Central,Small Market,Lemon,Leaves,Herbal Tea,Iowa,Decaf,100,170,130,270,127,671,185,40,122,312,63,16%
660,5/1/12 0:00,Central,Small Market,Lemon,Leaves,Herbal Tea,Missouri,Decaf,80,30,0,110,98,973,38,30,-15,136,53,24%
262,5/2/12 0:00,Central,Small Market,Lemon,Leaves,Herbal Tea,Wisconsin,Decaf,40,70,60,110,53,803,77,14,51,130,26,18%
860,5/3/12 0:00,East,Small Market,Lemon,Leaves,Herbal Tea,Connecticut,Decaf,50,80,40,130,77,529,96,29,33,173,63,33%
603,5/4/12 0:00,East,Small Market,Lemon,Leaves,Herbal Tea,New Hampshire,Decaf,20,40,10,60,36,212,45,13,-1,81,46,35%
475,5/5/12 0:00,East,Small Market,Mint,Leaves,Herbal Tea,Connecticut,Decaf,50,60,40,110,68,998,80,21,38,148,42,35%
985,5/6/12 0:00,South,Small Market,Chamomile,Leaves,Herbal Tea,Louisiana,Decaf,40,60,40,100,48,599,63,15,35,111,28,11%
505,5/7/12 0:00,South,Small Market,Chamomile,Leaves,Herbal Tea,New Mexico,Decaf,10,30,20,40,20,829,29,5,12,49,17,23%
918,5/8/12 0:00,South,Small Market,Chamomile,Leaves,Herbal Tea,Oklahoma,Decaf,50,70,20,120,58,338,72,22,17,130,55,8%
337,5/9/12 0:00,South,Small Market,Lemon,Leaves,Herbal Tea,Louisiana,Decaf,70,90,40,160,77,529,96,29,33,173,63,8%
505,5/10/12 0:00,South,Small Market,Lemon,Leaves,Herbal Tea,New Mexico,Decaf,20,40,20,60,31,976,37,9,7,68,30,13%
918,5/11/12 0:00,South,Small Market,Lemon,Leaves,Herbal Tea,Oklahoma,Decaf,80,130,40,210,92,599,129,83,17,221,112,5%
775,5/12/12 0:00,West,Small Market,Chamomile,Leaves,Herbal Tea,Nevada,Decaf,100,150,40,250,121,788,168,109,25,289,143,16%
503,5/13/12 0:00,West,Small Market,Chamomile,Leaves,Herbal Tea,Oregon,Decaf,20,40,40,60,30,794,45,8,26,75,19,25%
435,5/14/12 0:00,West,Small Market,Chamomile,Leaves,Herbal Tea,Utah,Decaf,40,70,40,110,51,265,74,16,34,125,40,14%
206,5/15/12 0:00,West,Small Market,Chamomile,Leaves,Herbal Tea,Washington,Decaf,90,150,100,240,110,"1,020",165,36,98,275,67,15%
775,5/16/12 0:00,West,Small Market,Lemon,Leaves,Herbal Tea,Nevada,Decaf,160,240,160,400,195,956,270,64,160,465,110,16%
971,5/17/12 0:00,West,Small Market,Lemon,Leaves,Herbal Tea,Oregon,Decaf,30,50,30,80,43,602,56,14,30,99,26,24%
435,5/18/12 0:00,West,Small Market,Lemon,Leaves,Herbal Tea,Utah,Decaf,40,70,40,110,52,397,80,17,32,132,48,20%
206,5/19/12 0:00,West,Small Market,Lemon,Leaves,Herbal Tea,Washington,Decaf,30,50,50,80,40,793,59,11,36,99,23,24%
775,5/20/12 0:00,West,Small Market,Mint,Leaves,Herbal Tea,Nevada,Decaf,100,170,120,270,127,671,185,40,121,312,64,16%
435,5/21/12 0:00,West,Small Market,Mint,Leaves,Herbal Tea,Utah,Decaf,80,30,-10,110,98,973,38,30,-15,136,53,24%
712,5/22/12 0:00,Central,Small Market,Darjeeling,Leaves,Tea,Iowa,Regular,220,230,150,450,260,"1,559",261,72,165,521,96,16%
314,5/23/12 0:00,Central,Small Market,Darjeeling,Leaves,Tea,Missouri,Regular,30,50,20,80,39,212,53,12,14,92,39,15%
920,5/24/12 0:00,Central,Small Market,Darjeeling,Leaves,Tea,Wisconsin,Regular,30,60,30,90,45,410,65,14,27,110,38,22%
563,5/25/12 0:00,Central,Small Market,Earl Grey,Leaves,Tea,Iowa,Regular,220,290,170,510,265,"1,538",324,100,190,589,134,15%
314,5/26/12 0:00,Central,Small Market,Earl Grey,Leaves,Tea,Missouri,Regular,20,40,0,60,34,182,42,12,-4,76,46,27%
262,5/27/12 0:00,Central,Small Market,Earl Grey,Leaves,Tea,Wisconsin,Regular,50,80,10,130,64,551,90,58,2,154,88,18%
573,5/28/12 0:00,Central,Small Market,Green Tea,Leaves,Tea,Missouri,Regular,30,40,0,70,36,212,45,13,-2,81,47,16%
860,5/29/12 0:00,East,Small Market,Darjeeling,Leaves,Tea,Connecticut,Regular,40,70,50,110,44,844,65,12,42,109,23,-1%
603,5/30/12 0:00,East,Small Market,Darjeeling,Leaves,Tea,New Hampshire,Regular,20,30,20,50,20,829,29,5,12,49,17,-2%
475,5/31/12 0:00,East,Small Market,Green Tea,Leaves,Tea,Connecticut,Regular,20,40,30,60,23,787,34,6,17,57,17,-5%
603,6/1/12 0:00,East,Small Market,Green Tea,Leaves,Tea,New Hampshire,Regular,0,40,30,40,0,645,43,0,32,43,11,8%
702,6/2/12 0:00,West,Small Market,Darjeeling,Leaves,Tea,Nevada,Regular,170,240,170,410,263,"1,433",349,86,231,612,118,49%
503,6/3/12 0:00,West,Small Market,Darjeeling,Leaves,Tea,Oregon,Regular,10,20,20,30,20,464,29,5,12,49,17,63%
435,6/4/12 0:00,West,Small Market,Darjeeling,Leaves,Tea,Utah,Regular,20,50,10,70,43,282,61,39,-8,104,69,49%
509,6/5/12 0:00,West,Small Market,Darjeeling,Leaves,Tea,Washington,Regular,30,50,30,80,48,351,82,14,44,130,38,63%
775,6/6/12 0:00,West,Small Market,Earl Grey,Leaves,Tea,Nevada,Regular,170,180,120,350,260,"1,559",261,72,164,521,97,49%
503,6/7/12 0:00,West,Small Market,Earl Grey,Leaves,Tea,Oregon,Regular,60,90,50,150,94,697,141,31,79,235,62,57%
435,6/8/12 0:00,West,Small Market,Earl Grey,Leaves,Tea,Utah,Regular,20,40,20,60,39,212,53,12,14,92,39,53%
360,6/9/12 0:00,West,Small Market,Earl Grey,Leaves,Tea,Washington,Regular,20,50,30,70,45,410,65,14,27,110,38,57%
702,6/10/12 0:00,West,Small Market,Green Tea,Leaves,Tea,Nevada,Regular,170,-170,-250,0,265,"3,742",-265,100,-380,18,133,
971,6/11/12 0:00,West,Small Market,Green Tea,Leaves,Tea,Oregon,Regular,70,110,70,180,114,555,159,35,101,273,58,52%
801,6/12/12 0:00,West,Small Market,Green Tea,Leaves,Tea,Utah,Regular,20,30,10,50,34,182,42,12,-3,76,45,52%
425,6/13/12 0:00,West,Small Market,Green Tea,Leaves,Tea,Washington,Regular,40,60,10,100,64,551,90,58,2,154,88,54%
719,6/14/12 0:00,Central,Major Market,Decaf Irish Cream,Beans,Coffee,Colorado,Decaf,130,180,140,310,123,947,178,34,132,301,46,-3%
630,6/15/12 0:00,Central,Major Market,Decaf Irish Cream,Beans,Coffee,Illinois,Decaf,140,220,160,360,141,764,204,45,135,345,69,-4%
937,6/16/12 0:00,Central,Major Market,Decaf Irish Cream,Beans,Coffee,Ohio,Decaf,40,70,20,110,44,496,63,40,-6,107,69,-3%
303,6/17/12 0:00,Central,Major Market,Decaf Espresso,Beans,Espresso,Colorado,Decaf,60,90,50,150,54,641,81,17,33,135,48,-10%
312,6/18/12 0:00,Central,Major Market,Decaf Espresso,Beans,Espresso,Illinois,Decaf,300,310,210,610,260,"1,715",261,72,164,521,97,-15%
419,6/19/12 0:00,Central,Major Market,Decaf Espresso,Beans,Espresso,Ohio,Decaf,50,80,30,130,51,396,64,19,12,115,52,-12%
850,6/20/12 0:00,East,Major Market,Decaf Irish Cream,Beans,Coffee,Florida,Decaf,110,150,100,260,118,636,164,36,105,282,59,8%
321,6/21/12 0:00,East,Major Market,Decaf Espresso,Beans,Espresso,Florida,Decaf,80,120,80,200,91,533,121,30,63,212,58,6%
806,6/22/12 0:00,South,Major Market,Decaf Irish Cream,Beans,Coffee,Texas,Decaf,100,130,100,230,83,574,107,27,68,190,39,-17%
469,6/23/12 0:00,South,Major Market,Decaf Espresso,Beans,Espresso,Texas,Decaf,80,110,90,190,94,562,136,26,99,230,37,21%
415,6/24/12 0:00,West,Major Market,Decaf Irish Cream,Beans,Coffee,California,Decaf,250,-40,-140,210,200,"2,393",-31,66,-142,169,111,-20%
562,6/25/12 0:00,West,Major Market,Decaf Espresso,Beans,Espresso,California,Decaf,260,340,230,600,272,"1,616",362,89,240,634,122,6%
719,6/26/12 0:00,Central,Major Market,Amaretto,Beans,Coffee,Colorado,Regular,110,170,130,280,113,897,163,31,121,276,42,-1%
513,6/27/12 0:00,Central,Major Market,Amaretto,Beans,Coffee,Ohio,Regular,50,70,40,120,50,397,68,16,24,118,44,-2%
970,6/28/12 0:00,Central,Major Market,Colombian,Beans,Coffee,Colorado,Regular,80,110,80,190,83,574,107,27,68,190,39,0%
815,6/29/12 0:00,Central,Major Market,Colombian,Beans,Coffee,Illinois,Regular,210,290,190,500,200,"1,095",278,66,167,478,111,-4%
614,6/30/12 0:00,Central,Major Market,Colombian,Beans,Coffee,Ohio,Regular,40,50,20,90,38,414,55,12,19,93,36,3%
719,7/1/12 0:00,Central,Major Market,Caffe Mocha,Beans,Espresso,Colorado,Regular,100,170,140,270,94,562,136,26,99,230,37,-15%
312,7/2/12 0:00,Central,Major Market,Caffe Mocha,Beans,Espresso,Illinois,Regular,310,430,300,740,272,"1,616",362,89,241,634,121,-14%
419,7/3/12 0:00,Central,Major Market,Caffe Mocha,Beans,Espresso,Ohio,Regular,170,180,120,350,149,"1,245",149,41,83,298,66,-15%
904,7/4/12 0:00,East,Major Market,Colombian,Beans,Coffee,Florida,Regular,100,160,110,260,111,767,167,36,99,278,68,7%
617,7/5/12 0:00,East,Major Market,Colombian,Beans,Coffee,Massachusetts,Regular,50,560,530,610,54,"-1,006",595,17,547,649,48,6%
646,7/6/12 0:00,East,Major Market,Colombian,Beans,Coffee,New York,Regular,340,500,350,840,356,"2,476",534,124,357,890,177,6%
786,7/7/12 0:00,East,Major Market,Caffe Mocha,Beans,Espresso,Florida,Regular,100,150,40,250,110,665,154,100,25,264,129,6%
351,7/8/12 0:00,East,Major Market,Caffe Mocha,Beans,Espresso,Massachusetts,Regular,40,60,10,100,44,543,67,40,-3,111,70,11%
914,7/9/12 0:00,East,Major Market,Caffe Mocha,Beans,Espresso,New York,Regular,130,-60,-210,70,144,"1,979",-72,131,-236,72,164,3%
339,7/10/12 0:00,East,Major Market,Regular Espresso,Beans,Espresso,Massachusetts,Regular,140,150,100,290,149,"1,245",149,41,83,298,66,3%
631,7/11/12 0:00,East,Major Market,Regular Espresso,Beans,Espresso,New York,Regular,240,420,340,660,260,"1,405",415,72,318,675,97,2%
210,7/12/12 0:00,South,Major Market,Colombian,Beans,Coffee,Texas,Regular,300,360,270,660,244,"1,213",288,75,192,532,96,-19%
936,7/13/12 0:00,South,Major Market,Caffe Latte,Beans,Espresso,Texas,Regular,40,70,40,110,54,-321,81,17,33,135,48,23%
281,7/14/12 0:00,South,Major Market,Caffe Mocha,Beans,Espresso,Texas,Regular,90,140,120,230,113,897,163,31,120,276,43,20%
707,7/15/12 0:00,West,Major Market,Amaretto,Beans,Coffee,California,Regular,170,-50,-110,120,141,"1,514",-45,45,-113,96,68,-20%
805,7/16/12 0:00,West,Major Market,Colombian,Beans,Coffee,California,Regular,440,670,500,"1,110",356,"2,476",534,124,357,890,177,-20%
707,7/17/12 0:00,West,Major Market,Caffe Latte,Beans,Espresso,California,Regular,240,260,180,500,260,"1,715",261,72,165,521,96,4%
714,7/18/12 0:00,West,Major Market,Caffe Mocha,Beans,Espresso,California,Regular,130,200,50,330,144,874,201,131,36,345,165,5%
720,7/19/12 0:00,Central,Major Market,Chamomile,Leaves,Herbal Tea,Colorado,Decaf,120,140,90,260,149,"1,245",149,41,83,298,66,15%
630,7/20/12 0:00,Central,Major Market,Chamomile,Leaves,Herbal Tea,Illinois,Decaf,90,150,130,240,113,897,163,31,121,276,42,15%
614,7/21/12 0:00,Central,Major Market,Chamomile,Leaves,Herbal Tea,Ohio,Decaf,10,20,20,30,18,478,26,5,9,44,17,47%
720,7/22/12 0:00,Central,Major Market,Lemon,Leaves,Herbal Tea,Colorado,Decaf,30,60,10,90,44,496,63,40,-7,107,70,19%
630,7/23/12 0:00,Central,Major Market,Lemon,Leaves,Herbal Tea,Illinois,Decaf,70,90,60,160,83,574,107,27,67,190,40,19%
513,7/24/12 0:00,Central,Major Market,Lemon,Leaves,Herbal Tea,Ohio,Decaf,20,30,30,50,24,856,36,6,18,60,18,20%
719,7/25/12 0:00,Central,Major Market,Mint,Leaves,Herbal Tea,Colorado,Decaf,40,60,30,100,50,397,68,16,24,118,44,18%
309,7/26/12 0:00,Central,Major Market,Mint,Leaves,Herbal Tea,Illinois,Decaf,100,160,140,260,123,947,178,34,133,301,45,16%
941,7/27/12 0:00,East,Major Market,Chamomile,Leaves,Herbal Tea,Florida,Decaf,30,50,30,80,48,593,62,15,35,110,27,38%
754,7/28/12 0:00,East,Major Market,Lemon,Leaves,Herbal Tea,Florida,Decaf,40,60,30,100,59,377,74,22,19,133,55,33%
781,7/29/12 0:00,East,Major Market,Lemon,Leaves,Herbal Tea,Massachusetts,Decaf,30,50,20,80,51,396,64,19,12,115,52,44%
607,7/30/12 0:00,East,Major Market,Lemon,Leaves,Herbal Tea,New York,Decaf,200,320,220,520,271,"1,727",398,102,263,669,135,29%
305,7/31/12 0:00,East,Major Market,Mint,Leaves,Herbal Tea,Florida,Decaf,60,70,40,130,81,"1,046",96,25,49,177,47,36%
716,8/1/12 0:00,East,Major Market,Mint,Leaves,Herbal Tea,New York,Decaf,180,-30,-100,150,244,"2,636",-46,75,-143,198,97,32%
832,8/2/12 0:00,South,Major Market,Chamomile,Leaves,Herbal Tea,Texas,Decaf,40,70,40,110,50,397,68,16,24,118,44,7%
409,8/3/12 0:00,South,Major Market,Lemon,Leaves,Herbal Tea,Texas,Decaf,30,60,30,90,38,414,55,12,20,93,35,3%
661,8/4/12 0:00,West,Major Market,Chamomile,Leaves,Herbal Tea,California,Decaf,100,160,140,260,123,947,178,34,133,301,45,16%
661,8/5/12 0:00,West,Major Market,Lemon,Leaves,Herbal Tea,California,Decaf,200,260,190,460,244,"1,213",288,75,192,532,96,16%
408,8/6/12 0:00,West,Major Market,Mint,Leaves,Herbal Tea,California,Decaf,70,90,60,160,83,574,107,27,67,190,40,19%
719,8/7/12 0:00,Central,Major Market,Darjeeling,Leaves,Tea,Colorado,Regular,40,60,20,100,51,396,64,19,11,115,53,15%
312,8/8/12 0:00,Central,Major Market,Darjeeling,Leaves,Tea,Illinois,Regular,80,120,90,200,94,562,136,26,99,230,37,15%
513,8/9/12 0:00,Central,Major Market,Darjeeling,Leaves,Tea,Ohio,Regular,90,150,90,240,111,767,167,36,99,278,68,16%
970,8/10/12 0:00,Central,Major Market,Earl Grey,Leaves,Tea,Colorado,Regular,40,60,30,100,53,"1,028",64,16,27,117,37,17%
312,8/11/12 0:00,Central,Major Market,Earl Grey,Leaves,Tea,Illinois,Regular,40,70,30,110,54,641,81,17,33,135,48,23%
937,8/12/12 0:00,Central,Major Market,Earl Grey,Leaves,Tea,Ohio,Regular,100,140,90,240,118,636,164,36,105,282,59,18%
720,8/13/12 0:00,Central,Major Market,Green Tea,Leaves,Tea,Colorado,Regular,30,50,30,80,43,597,56,14,29,99,27,24%
386,8/14/12 0:00,East,Major Market,Darjeeling,Leaves,Tea,Florida,Regular,40,70,50,110,43,864,62,12,38,105,24,-5%
781,8/15/12 0:00,East,Major Market,Darjeeling,Leaves,Tea,Massachusetts,Regular,20,40,30,60,24,856,36,6,19,60,17,0%
516,8/16/12 0:00,East,Major Market,Darjeeling,Leaves,Tea,New York,Regular,130,190,150,320,123,947,178,34,133,301,45,-6%
845,8/17/12 0:00,East,Major Market,Earl Grey,Leaves,Tea,New York,Regular,110,180,140,290,113,897,163,31,121,276,42,-5%
407,8/18/12 0:00,East,Major Market,Green Tea,Leaves,Tea,Florida,Regular,60,90,70,150,59,842,85,16,58,144,27,-4%
413,8/19/12 0:00,East,Major Market,Green Tea,Leaves,Tea,Massachusetts,Regular,10,30,20,40,18,478,26,5,10,44,16,10%
718,8/20/12 0:00,East,Major Market,Green Tea,Leaves,Tea,New York,Regular,90,150,120,240,94,562,136,26,99,230,37,-4%
209,8/21/12 0:00,West,Major Market,Darjeeling,Leaves,Tea,California,Regular,70,110,90,180,113,897,163,31,120,276,43,53%
415,8/22/12 0:00,West,Major Market,Earl Grey,Leaves,Tea,California,Regular,60,90,80,150,94,562,136,26,98,230,38,53%
714,8/23/12 0:00,West,Major Market,Green Tea,Leaves,Tea,California,Regular,30,60,30,90,54,641,81,17,32,135,49,50%
712,8/24/12 0:00,Central,Small Market,Decaf Irish Cream,Beans,Coffee,Iowa,Decaf,20,30,20,50,22,608,30,7,11,52,19,4%
314,8/25/12 0:00,Central,Small Market,Decaf Irish Cream,Beans,Coffee,Missouri,Decaf,60,80,50,140,65,"1,042",77,20,35,142,42,1%
920,8/26/12 0:00,Central,Small Market,Decaf Irish Cream,Beans,Coffee,Wisconsin,Decaf,90,130,90,220,91,533,121,30,63,212,58,-4%
319,8/27/12 0:00,Central,Small Market,Decaf Espresso,Beans,Espresso,Iowa,Decaf,0,50,40,50,0,602,43,0,31,43,12,-14%
573,8/28/12 0:00,Central,Small Market,Decaf Espresso,Beans,Espresso,Missouri,Decaf,40,60,40,100,36,828,53,10,31,89,22,-11%
262,8/29/12 0:00,Central,Small Market,Decaf Espresso,Beans,Espresso,Wisconsin,Decaf,50,70,50,120,48,593,62,15,34,110,28,-8%
475,8/30/12 0:00,East,Small Market,Decaf Espresso,Beans,Espresso,Connecticut,Decaf,40,60,30,100,46,367,62,15,19,108,43,8%
318,8/31/12 0:00,South,Small Market,Decaf Irish Cream,Beans,Coffee,Louisiana,Decaf,70,110,90,180,59,842,85,16,58,144,27,-20%
505,9/1/12 0:00,South,Small Market,Decaf Irish Cream,Beans,Coffee,New Mexico,Decaf,140,30,-20,170,116,"1,142",25,35,-34,141,59,-17%
405,9/2/12 0:00,South,Small Market,Decaf Irish Cream,Beans,Coffee,Oklahoma,Decaf,30,40,30,70,24,856,36,6,19,60,17,-14%
318,9/3/12 0:00,South,Small Market,Decaf Espresso,Beans,Espresso,Louisiana,Decaf,30,50,30,80,40,443,59,12,23,99,36,24%
505,9/4/12 0:00,South,Small Market,Decaf Espresso,Beans,Espresso,New Mexico,Decaf,30,50,20,80,41,239,55,13,14,96,41,20%
918,9/5/12 0:00,South,Small Market,Decaf Espresso,Beans,Espresso,Oklahoma,Decaf,90,140,90,230,111,767,167,36,99,278,68,21%
775,9/6/12 0:00,West,Small Market,Decaf Irish Cream,Beans,Coffee,Nevada,Decaf,40,40,20,80,32,996,38,9,8,70,30,-13%
541,9/7/12 0:00,West,Small Market,Decaf Irish Cream,Beans,Coffee,Oregon,Decaf,40,70,40,110,38,414,55,12,20,93,35,-15%
435,9/8/12 0:00,West,Small Market,Decaf Irish Cream,Beans,Coffee,Utah,Decaf,90,120,70,210,76,580,93,28,32,169,61,-20%
206,9/9/12 0:00,West,Small Market,Decaf Irish Cream,Beans,Coffee,Washington,Decaf,130,200,90,330,110,665,154,100,24,264,130,-20%
702,9/10/12 0:00,West,Small Market,Decaf Espresso,Beans,Espresso,Nevada,Decaf,20,30,20,50,21,798,32,5,15,53,17,6%
541,9/11/12 0:00,West,Small Market,Decaf Espresso,Beans,Espresso,Oregon,Decaf,140,140,90,280,149,"1,245",149,41,83,298,66,6%
435,9/12/12 0:00,West,Small Market,Decaf Espresso,Beans,Espresso,Utah,Decaf,30,50,40,80,37,876,55,10,34,92,21,15%
253,9/13/12 0:00,West,Small Market,Decaf Espresso,Beans,Espresso,Washington,Decaf,70,90,60,160,81,"1,046",96,25,49,177,47,11%
641,9/14/12 0:00,Central,Small Market,Amaretto,Beans,Coffee,Iowa,Regular,20,40,30,60,23,843,35,6,18,58,17,-3%
715,9/15/12 0:00,Central,Small Market,Amaretto,Beans,Coffee,Wisconsin,Regular,60,70,20,130,59,377,74,22,19,133,55,2%
563,9/16/12 0:00,Central,Small Market,Colombian,Beans,Coffee,Iowa,Regular,30,40,20,70,32,996,38,9,8,70,30,0%
573,9/17/12 0:00,Central,Small Market,Colombian,Beans,Coffee,Missouri,Regular,80,90,40,170,76,580,93,28,31,169,62,-1%
608,9/18/12 0:00,Central,Small Market,Colombian,Beans,Coffee,Wisconsin,Regular,110,160,50,270,110,665,154,100,24,264,130,-2%
515,9/19/12 0:00,Central,Small Market,Caffe Mocha,Beans,Espresso,Iowa,Regular,20,40,30,60,21,798,32,5,15,53,17,-12%
660,9/20/12 0:00,Central,Small Market,Caffe Mocha,Beans,Espresso,Missouri,Regular,40,60,40,100,37,876,55,10,33,92,22,-8%
262,9/21/12 0:00,Central,Small Market,Caffe Mocha,Beans,Espresso,Wisconsin,Regular,90,110,70,200,81,"1,046",96,25,50,177,46,-12%
603,9/22/12 0:00,East,Small Market,Amaretto,Beans,Coffee,New Hampshire,Regular,50,80,50,130,56,302,82,17,41,138,41,6%
475,9/23/12 0:00,East,Small Market,Colombian,Beans,Coffee,Connecticut,Regular,80,140,100,220,92,"1,102",140,30,79,232,61,5%
603,9/24/12 0:00,East,Small Market,Colombian,Beans,Coffee,New Hampshire,Regular,50,90,60,140,62,436,94,20,42,156,52,11%
203,9/25/12 0:00,East,Small Market,Caffe Mocha,Beans,Espresso,Connecticut,Regular,50,70,10,120,53,597,75,48,-2,128,77,7%
603,9/26/12 0:00,East,Small Market,Caffe Mocha,Beans,Espresso,New Hampshire,Regular,40,80,20,120,52,313,73,47,-4,125,77,4%
603,9/27/12 0:00,East,Small Market,Regular Espresso,Beans,Espresso,New Hampshire,Regular,30,40,0,70,35,204,43,13,-3,78,46,11%
337,9/28/12 0:00,South,Small Market,Colombian,Beans,Coffee,Louisiana,Regular,50,80,60,130,43,822,64,12,40,107,24,-18%
505,9/29/12 0:00,South,Small Market,Colombian,Beans,Coffee,New Mexico,Regular,70,120,80,190,62,436,94,20,43,156,51,-18%
918,9/30/12 0:00,South,Small Market,Colombian,Beans,Coffee,Oklahoma,Regular,50,70,50,120,43,597,56,14,29,99,27,-18%
318,10/1/12 0:00,South,Small Market,Caffe Latte,Beans,Espresso,Louisiana,Regular,40,70,10,110,53,-267,75,48,-3,128,78,16%
505,10/2/12 0:00,South,Small Market,Caffe Latte,Beans,Espresso,New Mexico,Regular,30,30,0,60,35,-180,43,13,-3,78,46,30%
918,10/3/12 0:00,South,Small Market,Caffe Latte,Beans,Espresso,Oklahoma,Regular,100,140,100,240,118,-660,164,36,105,282,59,18%
225,10/4/12 0:00,South,Small Market,Caffe Mocha,Beans,Espresso,Louisiana,Regular,40,60,40,100,47,371,78,14,41,125,37,25%
505,10/5/12 0:00,South,Small Market,Caffe Mocha,Beans,Espresso,New Mexico,Regular,40,60,0,100,52,313,73,47,-3,125,76,25%
918,10/6/12 0:00,South,Small Market,Caffe Mocha,Beans,Espresso,Oklahoma,Regular,10,20,20,30,18,478,26,5,10,44,16,47%